4278 6266
295 285 349 345 uns
615 264 786 343 rennuunt
805 283 850 342 nn
867 283 991 345 cronos
1010 284 1055 343 nn
1069 285 1329 348 consonnrloun
1349 287 1597 349 nntmsoumn.

330 402 406 459 Talis
414 401 603 458 eonteinnnss
613 401 697 475 armo]
709 399 831 459 Valerius
840 393 972 459 hinnirent
983 402 1031 459 tin.
1042 416 1081 458 rtt:
1095 404 1124 467 A
1171 401 1244 476 Nos]
1258 404 1350 477 Noctis
1359 404 1520 463 obscuritas.

295 493 344 550 list
357 502 386 551 ct
397 493 444 548 ills
457 491 603 550 vehemens
616 502 643 548 es
656 502 783 550 consens
796 492 878 550 animi
891 493 996 560 militis,
1012 491 1083 548 litte-
1170 495 1260 571 lione]
1273 498 1397 556 Noctem.

294 585 459 658 rispollens,
473 584 663 642 venerabilium
675 585 803 643 doctrine
819 601 959 644 sacrorum
970 587 1086 647 sntistcs
1171 590 1290 649 Threicio
1311 608 1344 649 en
1362 588 1450 664 nstro]
1474 592 1541 661 Quia
1564 589 1662 649 horeas
1686 588 1759 646 italis
1785 604 1818 643 er
1843 586 1934 642 sintne

1877 291 1935 345 90⁰

166 754 171 761 ι
295 677 479 750 Philosophia,
500 680 619 749 queunt
634 691 862 754 pectorerccepta
877 680 1084 749 esthontinum‚
1135 683 1634 744 Thraeiaeuideturemitti.'lhrncius
1654 682 1932 752 meminerimus,

295 770 437 831 inhonesto
455 776 535 838 atoue
558 767 644 827 inutili
667 771 764 830 sliectu
789 772 921 844 depulso,
946 782 1031 830 totum
1056 773 1084 829 iu
1135 786 1164 835 et
1188 778 1331 837 Threicius
1358 782 1384 837 ln
1413 780 1508 839 omem
1531 779 1683 852 signilleatu
1710 777 1846 835 dicuntur.
1874 774 1933 832 Ln-

297 862 391 921 solidae
409 867 515 933 virtutis
538 870 704 927 munimento
725 864 882 947 confirmat..
896 865 1085 937 potentiusque
1135 884 1240 927 ornus:

296 966 370 1014 metu
380 973 412 1016 ac
422 961 517 1020 delore
528 964 602 1021 lecit.
613 963 787 1021 snshshcnes
798 959 915 1033 Cycnus
924 958 991 1015 disit
1004 956 1087 1013 virtu·

224 1050 856 1125 .mmmwfflmwm

333 1140 393 1198 Nisi
404 1145 475 1217 prior
487 1144 634 1221 adjecisses]
655 1145 744 1202 Virtus
765 1144 837 1199 enim
864 1152 891 1198 st
915 1136 1085 1212 philosophis

298 1235 434 1295 homiuem
447 1240 610 1299 nondeserit
620 1257 628 1295 s
639 1239 691 1297 nisi
704 1238 778 1311 prior
792 1237 850 1309 ipss
862 1250 922 1293 earu
935 1231 1087 1291 voluntario

297 1340 410 1401 peccato
422 1333 540 1405 ahjlciat.

335 1423 453 1499 Pedere]
462 1424 553 1483 Pudor
562 1426 691 1485 esttinor
698 1424 778 1496 inste
790 1420 1017 1493 reprehensionis.
1027 1416 1089 1475 Stu-

301 1530 349 1586 por
361 1531 426 1573 nero
438 1528 480 1575 est
493 1517 614 1590 qondam
629 1531 755 1574 sensuum
770 1514 905 1571 alienatio.

335 1605 672 1681 &consensionem
685 1606 778 1665 Graece
785 1607 920 1683 indnpyor.
929 1610 971 1659 est
982 1616 1089 1659 marcor

1199 967 1309 1027 Questus
1319 965 1432 1031 plnilerse
1442 967 1532 1017 horcas
1543 979 1599 1016 curn
1608 964 1729 1018 Thracius
1739 961 1820 1015 οη.

1137 1046 1247 1105 Boetius
1261 1050 1289 1104 io
1303 1048 1386 1117 hujus
1396 1049 1487 1119 operis
1499 1048 1600 1104 tertio:

1201 1138 1276 1191 Vates
1286 1140 1414 1193 Thralclns
1424 1152 1539 1204 gemens.
1555 1214 1558 1220 Ι

1139 1225 1264 1293 Horatius
1279 1230 1305 1283 ln
1320 1228 1409 1298 primo
1419 1227 1590 1283 carminum:

1200 1336 1669 1402 oumrrmroneuamnonuso.

1175 1423 1288 1498 Renes]
1303 1425 1422 1495 spertn,
1438 1422 1587 1496 patefaciet.

1176 1514 1260 1590 Diem]
1275 1515 1385 1572 Lucem.

1177 1608 1290 1683 Enrimr]
1304 1612 1433 1682 Apparet.

299 1707 326 1754 et
339 1699 553 1773 inexpugnabilis
563 1698 631 1772 p‘ens
644 1700 730 1755 somni
744 1698 902 1764 necessitas,
913 1711 974 1752 corn
989 1695 1090 1752 nlieua·
1178 1702 1281 1776 sasso]
1296 1703 1458 1775 [repentino.

266 1782 269 1793 '
301 1792 494 1863 tenementis,
509 1797 537 1851 iu
549 1811 603 1867 quo
617 1809 633 1850 n
647 1793 808 1866 phrenisim,
821 1807 875 1848 non
890 1791 960 1857 loeo,
976 1787 1024 1845 sed
1035 1780 1131 1845 nna-B
1180 1796 1311 1870 veranne]
1326 1776 1563 1870 repraesentemus.

301 1888 368 1942 teris
378 1886 470 1943 distat.
491 1886 638 1946 Phrenitim
652 1885 770 1959 salignis,
785 1896 830 1941 aut
845 1883 905 1940 hilis
920 1882 986 1937 darn
1001 1879 1091 1937 conci

301 1978 360 2048 liat,
375 1981 525 2053 lethargum
540 1985 634 2055 pituita
650 1983 784 2039 humidior
800 1991 827 2038 ct
840 1978 969 2050 lripidior,
981 1989 1032 2049 qua
1046 1988 1091 2031 ce·

175 2132 181 2139 ,
300 2071 410 2128 rehrum
421 2073 540 2132 diluitur.
553 2075 660 2133 Accidit
675 2075 702 2130 in
716 2088 750 2130 eo
760 2072 855 2130 morho
867 2086 956 2127 rerum
971 2066 1090 2124 emnium

300 2162 410 2222 oblivio.

560 2257 595 2315 td
613 2254 760 2315 hdlhhtt
780 2254 823 2313 lll.

336 2351 450 2409 Carmen
473 2361 515 2409 est
540 2352 655 2419 dicolos,
677 2350 840 2423 diotrephen,
864 2354 992 2404 constent
1005 2344 1092 2399 sltero

302 2456 383 2503 uersu
398 2438 525 2514 heroieo‚‘
538 2445 626 2502 altero
639 2444 789 2514 hiemando,
806 2440 950 2514 dactylico,
964 2447 1092 2501 tetrame-

301 2543 354 2603 tro,
367 2535 534 2594 scanlecto:
551 2536 596 2608 qui
607 2537 778 2608 componitur
787 2543 902 2608 quatuor
916 2533 1039 2606 dactylis,
1051 2531 1093 2587 in-

303 2626 406 2683 terdum
422 2636 512 2685 nmen
527 2637 705 2701 preterquam
724 2628 752 2684 in
770 2634 866 2698 quarta
879 2626 1000 2697 regione,
1010 2638 1093 2694 spon·

302 2717 381 2775 deum
396 2720 522 2777 admittit.
543 2719 600 2778 iios
625 2728 715 2778 autem
734 2719 844 2777 Boetius
858 2717 1017 2775 ostendisse
1029 2731 1092 2773 mos

300 2812 415 2869 detorsit
431 2813 467 2870 ah
487 2828 519 2871 ea
540 2813 597 2871 sois
620 2814 717 2884 oculis,
740 2812 935 2885 philosophiam
959 2810 1092 2867 nutricern

300 2916 377 2960 suam
400 2904 516 2962 libenter
536 2908 689 2979 agnovisse.
714 2907 792 2975 Quod
811 2905 921 2979 quidem
942 2904 1093 2962 rectissime

301 2996 403 3055 dictum
414 2984 468 3056 cst.
483 2997 569 3056 hemo
589 3002 661 3057 enim
676 2999 875 3071 philosophiam
894 2998 991 3070 ipsum,
1011 2996 1094 3054 idest

301 3092 470 3162 sapientiam.
487 3108 539 3166 qua
559 3095 713 3153 intellectus
729 3097 869 3153 veritatem
883 3093 1093 3164 contemplatur,

301 3276 383 3335 animi
398 3278 483 3334 oculis
498 3286 586 3349 potest
595 3280 702 3336 intueri.

340 3367 424 3441 Tene]
439 3369 489 3426 hui
504 3369 679 3443 Philosophia
700 3377 776 3429 reste
789 3385 837 3427 sua
850 3369 944 3427 oculos
958 3381 1033 3425 ineos
1047 3366 1096 3424 de-

304 3463 391 3517 tersit.

343 3552 473 3628 dhonne]
486 3553 610 3625 Disiecta,
624 3555 762 3626 dissipatu.
900 3612 909 3627 .

338 3645 432 3720 Nocte]
446 3645 511 3702 Veri
531 3646 709 3719 ignoratione,
725 3658 752 3705 et
767 3631 908 3717 pravarum
923 3642 1094 3702 affectionum

304 3735 428 3817 caligine.

339 3827 471 3902 Teneirn]
484 3828 576 3886 Anioni
590 3830 697 3886 cecitas
708 3840 733 3886 et
746 3830 845 3886 mentis
857 3828 1056 3888 obtenebratio.

340 3918 500 3994 Lerrriniitts]
512 3919 603 3979 Oculis
614 3922 707 3978 nnitui.

339 4012 436 4087 Rediit]
451 4014 580 4070 Redditus
595 4023 647 4084 est,
659 4028 691 4071 nc
703 4013 852 4071 restitutus.

343 4105 433 4178 Vipor]
449 4103 496 4161 ilis
507 4115 536 4162 et
549 4104 663 4164 facultas
674 4109 733 4164 reri
743 4107 933 4180 cognoscendi.

341 4198 376 4255 Ut
392 4216 449 4254 cum
462 4200 598 4275 precipiti]
611 4202 682 4259 Sene
695 4217 776 4274 quam
791 4203 907 4275 eleganti
924 4215 1095 4274 congrueque

305 4292 504 4361 comparatione
516 4292 635 4349 ostendit
648 4294 787 4363 pristinam
796 4294 848 4350 sihi
862 4295 1028 4366 intelligendi
1041 4295 1094 4351 vim

305 4381 455 4439 restitutam
469 4377 542 4450 esse,¹
563 4383 790 4456 quemadmodum
813 4387 959 4443 obscurato
979 4385 1095 4442 uuhihus

305 4489 378 4541 scre,
390 4477 413 4530 si
422 4476 469 4533 llet
481 4475 585 4546 aquilo,
597 4485 625 4532 et
635 4476 821 4547 propellantur
833 4478 929 4546 nuum,
937 4478 1009 4536 aeris
1020 4491 1095 4536 scre·

305 4565 388 4728 nitas]
397 4567 518 4712 εὲΙίοᾳυο
531 4566 763 4626 lurnencontiouo
777 4569 924 4629 reducitur.

367 4668 377 4711 t
426 4658 490 4714 elut.

340 4746 416 4823 Cum]
431 4751 554 4818 Quande.

340 4842 484 4919 Pracipitil
499 4845 614 4919 Rapido.

1177 1889 1261 1964 Ferit]
1277 1890 1407 1948 Perculit.

1177 1980 1408 2056 Mirantesocslos]
1420 1982 1448 2039 ld
1458 1976 1760 2050 est,ocnloshornlnmu
1775 1975 1932 2033 mirantium

1141 2079 1307 2149 repentinam
1322 2079 1504 2133 serenitatem.
1523 2073 1634 2132 Brerior
1645 2087 1704 2129 sum
1720 2073 1790 2128 circa
1806 2070 1858 2127 hoc
1872 2083 1934 2125 car·

1142 2184 1203 2227 men
1218 2166 1409 2235 enarrandum,
1431 2166 1502 2239 quod
1518 2167 1603 2223 risum
1617 2165 1718 2222 sitnon
1732 2163 1767 2220 eh
1781 2161 1893 2228 miore,
1907 2158 1934 2217 st

1142 2262 1281 2333 Augustini
1297 2260 1374 2317 hethi
1389 2260 1502 2331 epistola
1521 2250 1644 2329 quemn
1657 2256 1720 2329 (qna
1733 2252 1804 2311 idem
1816 2269 1871 2310 non
1881 2253 1933 2308 rni-

1142 2368 1192 2410 nus
1206 2352 1397 2419 erudilennam
1406 2350 1543 2422 eleganter
1552 2348 1707 2419 enpnnitnr)
1719 2348 1771 2403 hoe
1782 2342 1936 2403 incoluerit

1143 2446 1276 2519 apposita,
1289 2444 1371 2513 idries
1385 2442 1455 2500 illius
1470 2443 1558 2510 titulo,
1572 2457 1634 2498 cum
1655 2440 1718 2514 (nnn
1732 2454 1791 2497 sunt
1811 2437 1934 2510 ingenui-

1144 2537 1210 2608 κιο)
1222 2537 1309 2594 aliene
1324 2534 1391 2591 mihi
1403 2535 1486 2591 nolim
1501 2548 1627 2604 arrogare
1639 2550 1647 2589 r

1203 2649 1242 2701 Ne
1253 2650 1274 2699 si
1286 2647 1348 2700 iorle
1359 2660 1416 2698 suas
1428 2648 1560 2709 repetitum
1571 2645 1668 2696 uenerit
1677 2641 1736 2693 oiim

1204 2713 1271 2761 Grex
1284 2714 1362 2760 arium
1373 2710 1584 2770 pronuntinsset
1595 2705 1718 2758 cornicula
1729 2704 1804 2754 risun

1203 2772 1411 2825 Furtlrisnndsts
1420 2770 1552 2822 coloribus.

1144 2879 1283 2949 [inlinitur
1297 2877 1370 2933 illius
1385 2878 1442 2933 linc
1455 2875 1579 2946 epistola.

1101 3080 1107 3103 .
1181 3036 1336 3109 Annustincs
1353 3033 1452 3089 Dnthss
1465 3030 1626 3087 Berncrdino
1640 3028 1762 3086 salutem.

1107 3156 1132 3225 c
1181 3129 1270 3201 Cupis.
1282 3126 1440 3184 Bernnrdine
1455 3126 1497 3194 (nt
1507 3124 1562 3194 ipse
1575 3120 1635 3194 nial,
1650 3125 1739 3176 sirum
1752 3117 1937 3189 expositionem

1146 3238 1272 3289 omnum,
1289 3237 1351 3291 ques
1367 3219 1502 3276 Seuerianus
1517 3214 1624 3271 Boetius
1636 3212 1700 3269 libro
1711 3213 1742 3267 de
1757 3207 1936 3277 Philosophioe

1146 3313 1327 3371 Consolatione
1339 3307 1487 3369 modulatus
1499 3318 1547 3375 est,
1562 3322 1613 3362 non
1627 3304 1707 3361 insito
1721 3313 1778 3376 post
1792 3302 1876 3372 operis
1886 3300 1938 3355 ini-

1146 3406 1220 3473 tium,
1232 3419 1290 3459 cunt
1299 3404 1336 3457 nit
1350 3418 1360 3457 :
1373 3401 1499 3457 Turrense
1513 3400 1629 3454 discesso
1641 3397 1769 3468 liquerunt
1783 3404 1855 3452 nocte
1865 3403 1938 3450 lene-

1147 3498 1207 3554 lrre.
1222 3496 1256 3552 Et
1271 3497 1397 3566 reliquum
1410 3495 1530 3564 deinceps
1547 3504 1658 3561 poema:
1673 3488 1764 3544 herde
1778 3499 1802 3543 te
1811 3496 1886 3556 atque
1897 3486 1938 3542 in·

1145 3589 1248 3662 nenium
1272 3595 1356 3652 tunm,
1375 3592 1399 3641 et
1421 3584 1490 3659 qnod
1510 3582 1625 3639 Severini
1639 3579 1751 3653 inpendii
1763 3578 1886 3653 prudens,
1901 3587 1937 3648 te,

1148 3681 1324 3747 Berncrdine,
1349 3679 1507 3734 cohonestet
1527 3674 1616 3748 prelo.
1639 3670 1701 3727 Fuit
1722 3672 1938 3739 enintsnostris,

1146 3774 1273 3845 sinpulnri
1284 3773 1323 3826 sir
1336 3770 1462 3834 doctrina,
1478 3784 1509 3822 cc
1522 3766 1618 3823 nulline
1631 3765 1775 3836 discipline
1789 3764 1872 3832 redis,
1883 3761 1939 3823 las·=

1147 3867 1227 3921 tinum
1241 3862 1370 3934 eieqninnt
1384 3875 1436 3915 nen
1454 3858 1537 3914 seium
1552 3857 1697 3928 percalluit,
1712 3856 1757 3911 sed
1767 3856 1842 3911 eticns
1855 3852 1937 3927 pluri·

1146 3972 1215 4010 mum
1229 3953 1375 4010 illustrauit.
1392 3948 1468 4016 Qned
1482 3943 1596 4003 indicant
1607 3964 1664 4003 cunr
1675 3944 1723 4001 clii
1732 3944 1857 4015 iiiriers
1868 3956 1938 4000 cont·

1147 4051 1243 4120 plnres,
1255 4056 1308 4101 tens
1322 4044 1363 4099 uei
1378 4045 1400 4098 ir
1416 4044 1533 4111 mesine,
1549 4043 1592 4112 nni
1606 4041 1638 4095 de
1652 4038 1829 4110 emersere
1840 4036 1938 4095 Gende-

1146 4142 1241 4195 lntione
1259 4135 1417 4191 inscrihitcr.
1435 4133 1492 4199 Qec
1511 4142 1579 4188 certe
1593 4135 1621 4187 in
1639 4134 1695 4187 leco
1713 4144 1839 4186 snmnrsm
1856 4129 1940 4202 ipsius

1147 4229 1315 4300 philosophice
1328 4229 1377 4281 uim
1392 4238 1415 4281 et
1435 4226 1539 4281 inrident
1555 4225 1685 4295 patefecit,
1700 4224 1802 4293 qnando
1816 4222 1862 4277 ilio
1872 4232 1936 4276 crre-

1147 4332 1217 4389 tons‚
1239 4318 1390 4392 ipncronlios
1415 4316 1524 4372 terredroe
1550 4315 1745 4388 propellentes,
1775 4325 1802 4369 st
1826 4313 1937 4370 enitens

1146 4412 1268 4484 splendor
1281 4421 1305 4466 st
1318 4410 1424 4465 cirritos
1439 4409 1567 4463 elucescit.
1588 4406 1660 4462 nan
1678 4418 1736 4461 cnm
1750 4408 1827 4461 nonne
1837 4414 1937 4476 perter-

1147 4508 1277 4562 lotionem
1287 4515 1396 4561 scentes
1406 4504 1516 4574 scinne
1527 4503 1627 4575 ntrpnis
1640 4501 1785 4573 implieetur
1796 4499 1936 4565 moriens,

1149 4599 1311 4672 philosophia
1325 4600 1383 4669 ipsc
1393 4594 1539 4661 accedente,
1552 4591 1741 4663 quedammodo
1760 4590 1898 4662 resipiscit,
1913 4596 1937 4645 et

1150 4692 1184 4745 nd
1198 4694 1318 4744 hurncnoe
1327 4696 1425 4742 noteris
1437 4685 1568 4740 reuertitur
1576 4683 1735 4756 dipnitntem.
1748 4679 1852 4751 θηρία
1863 4692 1938 4734 nntn·

1149 4798 1197 4852 pse
1209 4791 1246 4836 est
1264 4794 1329 4834 nere
1346 4776 1481 4848 sapientie
1491 4774 1597 4848 nectes,
1611 4790 1642 4829 cc
1656 4776 1757 4844 prienen
1768 4773 1871 4843 euidens
1886 4772 1936 4827 int·

1148 4868 1293 4943 pedimentis
1305 4865 1391 4922 solih:
1405 4867 1531 4921 emundes
1545 4865 1658 4920 ueritatis
1677 4864 1847 4935 coynicienenr
1859 4863 1937 4917 irrdn·

339 4930 530 5009 Ginnernntnr]
552 4937 740 5007 involvuntur,
764 4938 947 5012 obducuntur,
971 4950 999 5000 et
1018 4942 1098 5013 quasi
1149 4963 1194 5027 cir,
1209 4957 1342 5031 perieulis
1355 4965 1392 5012 ert
1403 4956 1501 5011 nonnisi
1514 4954 1618 5010 semler
1630 4953 1763 5009 climens.
1778 4951 1937 5025 breim

305 5023 511 5094 conglobantur.

341 5116 418 5192 Coro]
435 5114 520 5177 Vento
531 5120 644 5181 occiduo
655 5122 785 5183 adsersus
797 5127 950 5203 aquilonem
963 5125 1049 5183 henli.

342 5206 437 5284 scrop
450 5210 566 5269 corun
810 5204 813 5209 “

341 5298 431 5374 stetit]
445 5301 524 5360 Stare
535 5302 641 5363 ridetur
654 5307 819 5382 preteritum
839 5320 945 5382 templu
957 5322 1006 5381 pru
1020 5321 1093 5382 prte-

305 5395 374 5448 senti
389 5395 516 5463 positum.
1089 5412 1092 5418 Δ

341 5482 389 5541 Sol
398 5484 536 5558 iatethon
548 5501 668 5563 apparel.

341 5578 467 5636 Nondum
485 5583 548 5639 eoeie
565 5586 721 5644 venientibus
743 5589 831 5660 ακτὰ]
846 5587 936 5657 idest,
950 5576 1014 5649 sule
1027 5588 1094 5662 leni·

305 5681 399 5726 uturum
412 5674 500 5731 noctis
513 5684 628 5747 ternpus.

341 5761 611 5845 melsupeme.

1147 5051 1191 5122 nsi
1203 5059 1280 5106 nntec
1292 5049 1322 5104 in
1338 5046 1458 5103 mnsinsis
1473 5046 1639 5118 lacerationis
1649 5046 1766 5101 sensitis
1782 5055 1935 5113 csrsnetn,

1145 5139 1316 5214 philosophice
1326 5138 1337 5211 (
1344 5154 1403 5209 pern
1415 5139 1548 5217 sepientis
1561 5138 1675 5195 studiesn
1686 5138 1838 5211 profitetur)
1854 5138 1934 5192 ders·

1145 5242 1230 5290 scente
1240 5232 1305 5300 lnce,
1319 5229 1365 5285 ilia
1377 5229 1452 5300 dicit,
1465 5246 1523 5301 quse
1534 5229 1562 5284 in
1575 5228 1705 5301 monento
1726 5238 1843 5301 poemate
1855 5228 1936 5285 εοιιὶ-

1144 5332 1239 5381 mist·
1249 5338 1259 5379 .·

1211 5433 1278 5484 dure
1288 5441 1327 5482 me
1337 5430 1447 5483 dinero
1456 5430 1576 5496 liquerunt
1586 5437 1653 5482 nocte
1665 5431 1778 5492 melre.

1240 5492 1423 5557 memeque
1328 5493 1334 5502 '
1434 5491 1676 5558 priorrediitrinor.

1147 5600 1252 5656 Prinne
1274 5600 1406 5670 sapientise
1427 5598 1524 5671 prades
1546 5608 1597 5669 est,
1617 5597 1792 5670 impedimenti
1805 5597 1932 5653 rmore.-

1146 5693 1206 5751 ltinc
1219 5694 1323 5749 diriter.
1338 5690 1411 5747 Tenc
1433 5689 1550 5747 discnssit
1572 5700 1654 5759 noete,
1674 5691 1703 5746 id
1723 5699 1760 5745 et
1780 5691 1932 5746 mensus

1146 5784 1261 5856 emine.
1274 5782 1463 5861 munt-sne
1484 5781 1605 5859 Μαι,
1625 5780 1697 5855 need
1716 5789 1766 5856 stt,
1780 5779 1932 5855 emulis
