4188 6258
312 340 364 404 tlt
874 345 1011 402 sbtbblt
1027 344 1177 402 lstttscottt
1198 347 1383 408 stetttttttsts
1876 347 1928 406 216

310 458 477 526 ilicemcrim
491 460 536 531 otti
551 466 613 515 ιιιιιε
627 456 750 514 secundia
765 455 799 510 alt
817 455 962 510 Anthemio
978 459 1097 524 principe
1111 462 1133 517 Λ
1149 473 1254 525 ρειειιι,
1276 463 1309 515 att
1336 462 1501 523 ilicemerem
1525 462 1664 533 patrie'ust
1684 468 1801 532 perrextt
1819 478 1828 516 a
1847 475 1929 533 aqoo

311 550 425 607 habenis
442 550 633 620 rempublicam
654 547 834 619 gubernabat,
846 546 949 601 detulit.
966 548 1031 602 liam
1046 548 1097 602 im-
1147 549 1226 601 sitoul
1242 550 1313 604 visos
1329 561 1358 606 et
1374 553 1476 609 electus
1490 562 1539 612 est.

310 652 435 710 peratore
456 641 548 696 ilontat
571 639 667 708 posito,
683 638 855 692 seminarium
878 638 947 695 inter
964 652 1012 693 eos
1031 637 1098 707 iecit
1182 638 1305 696 blandato
1318 656 1382 710 ergo
1405 643 1456 697 sibi
1479 643 1617 713 legationis
1636 641 1740 708 ordine,
1754 641 1866 700 Romam
1881 657 1928 711 pe·

311 731 430 786 smndali
444 731 491 785 illa
509 744 568 799 que
585 728 754 784 dominantes
768 737 928 797 sequestrat,
943 728 1054 794 iotidia,
1069 739 1097 784 et
1147 728 1197 786 tiit.
1223 730 1251 784 ln
1277 746 1330 800 quo
1351 731 1445 789 itincre
1467 733 1531 802 quid
1552 733 1732 789 molestiarum
1760 734 1928 799 sustinuerit,

311 836 360 890 par
373 820 488 891 dignitas
500 833 584 874 causo
595 817 748 875 discordie.
769 818 927 874 Surreaerat
939 819 1009 873 enim
1024 812 1096 873 nola
1147 823 1245 894 qttldve
1266 824 1391 881 virtutum
1414 827 1538 898 gesserit,
1553 827 1681 883 testinans
1695 825 1728 880 ad
1744 826 1844 896 maiora
1864 842 1931 894 prae·

312 909 401 965 rabies
414 918 493 978 atque
508 907 650 974 dtamocto,
665 917 694 963 ut
706 916 798 962 mutuo
812 907 883 962 heila
902 917 1095 977 praepararenl3
1148 924 1231 969 coreo.
1248 914 1307 969 iios
1330 923 1417 972 nmen
1436 928 1564 988 utsupra
1583 917 1661 972 dicte
1680 917 1752 972 urbis
1773 925 1865 985 portas
1886 918 1928 972 iu-

311 1011 338 1056 et
354 1007 530 1071 preterquam
540 999 616 1070 origo
629 999 727 1055 irarum
742 1000 864 1069 proprios
878 998 1037 1068 suggerebat
1050 999 1098 1052 sti·
1146 1016 1254 1071 gressus
1263 1012 1313 1066 est.
1325 1002 1394 1059 lama
1404 1020 1464 1075 qum
1473 1005 1611 1062 absentem
1624 1007 1699 1061 ilium
1714 1014 1805 1059 notum
1820 1005 1932 1071 iecerat,

311 1089 410 1154 mulos,
423 1089 455 1143 lis
467 1089 518 1143 ista
531 1089 762 1145 circumstantium
781 1089 896 1143 consilto
916 1088 1098 1145 nutriebatur.
1147 1095 1229 1166 digito
1253 1098 1335 1168 caepit
1361 1098 1513 1156 ostendere.
1548 1098 1676 1155 Conversi
1711 1099 1783 1153 illico
1811 1100 1933 1154 omniurn

311 1178 435 1240 mutabat,
453 1187 540 1236 status
566 1180 740 1249 periclitantis
764 1179 858 1245 italiae,
879 1188 907 1234 et
931 1178 1098 1248 aidigebatur
1147 1186 1228 1250 oculi,
1243 1196 1402 1258 stupuerunt
1415 1197 1519 1244 mentes
1539 1186 1754 1256 attonite‚qnod
1767 1197 1867 1242 ιιιιιιιιι
1881 1188 1935 1244 sibi

311 1269 377 1339 ibris
391 1269 590 1325 discriminibus
610 1270 728 1340 81111111,
741 1269 804 1325 ditm
825 1270 998 1339 11111111111111
1010 1268 1098 1323 filiun
1148 1276 1268 1332 exbiberi
1294 1279 1469 1333 reverentiam
1494 1277 1582 1348 imago
1604 1276 1662 1345 eins
1685 1277 1764 1332 indes
1785 1278 1936 1333 sanctitais

311 1358 479 1415 discrituina.v
491 1359 593 1416 interea
608 1359 677 1429 apud
698 1360 861 1414 ilicemerem
878 1359 1026 1428 patricium,
1042 1359 1097 1414 iic·
1147 1366 1304 1435 requireret.
1323 1367 1541 1437 'inexplicabilis
1560 1382 1589 1422 sc
1608 1366 1691 1436 eulpa
1712 1382 1787 1423 reum
1802 1366 1936 1424 latebatur

311 1449 410 1505 diniani
425 1464 455 1503 et
474 1456 634 1518 limositate
651 1448 823 1513 reddentem·
840 1449 869 1528 [11
881 1449 1004 1504 1111111110
1019 1449 1099 1518 [eisit-
1148 1455 1260 1525 quilibet
1278 1465 1427 1527 potentum,
1442 1459 1467 1513 si
1489 1465 1589 1514 unium
1613 1473 1698 1528 genua
1716 1458 1774 1527 ejus
1794 1458 1937 1528 ampiexus

311 1554 371 1594 rum
386 1539 608 1611 nobilitatis2qui
622 1541 698 1596 lieris
710 1541 821 1611 genibus
835 1541 946 1610 soloque
960 1541 1096 1610 prostrati,
1148 1556 1189 1602 ειι
1208 1564 1215 1601 :
1232 1547 1372 1603 talleltatur
1390 1548 1492 1603 clamor
1515 1548 1545 1604 in
1563 1548 1658 1604 coeiutn
1680 1565 1687 1601 ε
1706 1562 1787 1603 nemo
1807 1549 1882 1603 illum
1907 1549 1936 1604 in

313 1646 404 1698 pacem
418 1631 531 1687 orabant
544 1631 703 1703 principum,
716 1641 744 1687 et
755 1641 783 1686 ut
796 1632 830 1689 ab
843 1632 969 1687 scandolo
979 1642 1098 1701 utraeque
1148 1637 1298 1692 mortalium
1314 1654 1425 1694 numero
1447 1637 1630 1708 computabat,
1644 1639 1685 1693 cui
1703 1639 1792 1692 omnia
1814 1639 1938 1695 caelestis

313 1730 406 1790 partes
416 1721 580 1788 desinerent,
593 1723 748 1778 occasiones
771 1724 863 1793 gratie
885 1723 919 1779 ab
938 1739 992 1778 uua
1006 1738 1098 1793 preca·
1149 1727 1240 1798 gratiae
1254 1728 1380 1783 ridebant
1401 1728 1468 1783 bona
1483 1738 1616 1783 constare.
1634 1728 1769 1783 Periortnr
1782 1729 1815 1782 ad
1832 1730 1934 1794 prinei·

313 1812 410 1867 bantur
432 1812 532 1871 oderri.
557 1813 625 1879 Quid
644 1813 719 1882 plura
738 1814 896 1869 contexam?
908 1814 1040 1869 mulcetur
1052 1814 1099 1869 lti-
1113 1808 1137 1870 Β
1150 1833 1210 1887 pent
1223 1817 1405 1887 Antitemium,
1414 1817 1501 1872 studio
1513 1816 1815 1886 legationisepiseopum
1828 1819 1936 1874 senisse

313 1918 412 1966 cemes.
427 1912 456 1959 et
478 1904 549 1961 telle
571 1919 601 1960 se
623 1919 748 1974 reparare
769 1905 938 1961 concordiam
963 1915 1098 1975 permotus
1148 1908 1271 1979 ligurino,
1287 1908 1422 1963 ltominem
1440 1922 1518 1976 noem
1546 1907 1633 1962 nnlius
1656 1908 1740 1974 possit
1755 1908 1837 1963 etiarn
1858 1907 1938 1965 dives

314 1995 456 2050 multorum
472 1994 578 2051 fletibus
592 1996 742 2066 pollicetur.
754 2016 764 2049 ι
778 1997 831 2054 Sed
847 1997 917 2067 quis.
931 1996 977 2061 ait.
993 1997 1098 2066 potissi·
1148 1999 1254 2069 eiopuio
1263 1998 1424 2054 soiileienter
1433 2012 1575 2064 exponere.
1587 1996 1620 2051 bt
1631 1997 1704 2060 ille,t
1717 1995 1817 2050 Callida
1829 2011 1936 2052 meeum

313 2100 386 2140 munt
401 2085 483 2154 liuius
494 2088 633 2158 legationis
656 2089 757 2157 pondus
776 2090 907 2157 excipiet!
925 2104 1004 2159 guam
1019 2098 1099 2145 motae
1149 2087 1270 2146 ilicemer
1281 2098 1310 2145 et
1324 2090 1350 2143 in
1368 2087 1545 2157 legationibus
1558 2086 1614 2142 suis
1637 2097 1694 2141 artc
1714 2086 1833 2141 decertat
1847 2105 1854 2139 ι
1866 2087 1938 2144 tales

314 2175 470 2230 moliseura
485 2181 610 2233 maneati
631 2179 690 2252 qttis
702 2190 743 2235 est
757 2179 802 2249 nui
818 2181 826 2211 ¹
840 2178 960 2235 Galatam
981 2179 1099 2235 concita·
1148 2180 1247 2250 dirigit,
1261 2157 1313 2249 nui
1322 2179 1515 2249 supplicatione
1527 2185 1689 2245 expugnent,
1706 2190 1773 2245 qtttts
1788 2177 1832 2232 ille
1851 2177 1941 2233 loces·

314 2273 369 2317 tunt
383 2279 510 2321 reuocare
525 2269 648 2337 possitet
657 2267 820 2338 principemi
833 2268 899 2323 iiam
910 2283 1025 2338 semper,
1037 2284 1098 2325 cum
1148 2270 1300 2338 sitinjuriis
1313 2288 1319 2321 :
1333 2268 1468 2338 perducite
1483 2277 1569 2323 tamen
1593 2266 1625 2320 ad
1650 2281 1691 2321 me
1711 2266 1846 2321 bominem
1868 2267 1938 2323 liei:

314 2363 422 2423 rogatur
444 2358 591 2425 osubcrnt,
614 2360 657 2428 gui
682 2359 748 2414 iram
779 2356 892 2415 naturali
916 2361 1099 2418 moderatione
1148 2361 1192 2430 qui
1215 2360 1238 2415 si
1260 2359 1393 2428 possibilia
1421 2367 1558 2427 precatur,
1581 2357 1738 2427 adstrictam
1757 2357 1780 2411 si
1801 2357 1939 2424 diiiicilia.

314 2462 367 2501 non
380 2448 514 2503 terminat.
530 2467 540 2501 s
559 2448 633 2504 Tunc
648 2465 701 2506 uno
718 2465 812 2511 omnes
824 2465 870 2508 ore
881 2452 1097 2523 responderunt:
1148 2451 1305 2520 supplicabo
1314 2465 1347 2506 ne
1357 2430 1556 2505 excusationem
1569 2462 1655 2503 meam
1664 2456 1789 2518 gravetur
1800 2449 1940 2518 accipere.

317 2554 327 2587 ι
349 2535 445 2592 Vester
456 2539 639 2594 tantummodo
650 2542 690 2603 ,ad
705 2555 795 2610 pacem
806 2543 953 2598 declinetur
962 2558 1098 2600 assensus.
1149 2542 1246 2598 Dubito
1261 2552 1348 2599 tameo
1364 2556 1397 2594 an
1413 2540 1534 2595 llieemcr
1548 2538 1618 2607 apud
1632 2553 1686 2605 me,
1696 2538 1767 2607 quod
1779 2541 1875 2607 poscit,
1888 2541 1941 2595 ob-

314 2624 363 2681 idst
376 2627 454 2682 nobis
473 2641 589 2696 persona
601 2643 687 2697 nuper
704 2629 737 2685 ad
761 2631 938 2687 sacerdotium
951 2632 1100 2688 'ticinensis
1149 2635 1233 2689 tineas
1246 2652 1252 2688 ι
1263 2632 1339 2702 cuim
1352 2632 1407 2686 scio
1420 2638 1541 2684 votorum
1562 2628 1783 2696 intemperantem
1798 2641 1857 2684 csta
1874 2639 1940 2699 per·

314 2717 387 2773 urbis
407 2717 518 2784 adscita,
531 2720 574 2775 cui
593 2729 621 2775 et
638 2720 739 2775 belluae·
756 2722 856 2785 rabide
877 2723 970 2779 colla¹
986 2725 1098 2779 submit·
1149 2739 1260 2789 sornam,
1283 2732 1310 2779 et
1335 2723 1362 2776 in
1388 2718 1586 2776 conditionibus
1617 2714 1797 2786 proponendis
1825 2719 1941 2775 tattonis

315 2815 373 2862 tunt
385 2827 391 2862 :
405 2808 449 2864 cui
470 2820 533 2865 ante
554 2825 648 2881 preces
670 2810 798 2868 oneratur
818 2812 987 2880 beneficium,
1000 2816 1100 2885 quoda
1151 2816 1292 2872 terminum
1307 2830 1359 2868 non
1380 2823 1482 2867 tenere.
1497 2808 1550 2865 Sed
1565 2809 1653 2864 teniat
1676 2807 1795 2866 directus
1812 2810 1941 2876 antistes,

314 2898 432 2967 quolibet
452 2899 583 2968 petiturus
603 2901 811 2959 advenerit:eui
826 2911 868 2959 est
887 2904 976 2960 nultus
989 2905 1050 2961 sitm
1065 2906 1102 2960 si·
1150 2915 1179 2963 et
1199 2906 1330 2960 lattdntam
1348 2902 1507 2973 jampridem
1530 2906 1674 2968 presentet
1696 2897 1837 2967 eiilgiemm
1854 2897 1941 2970 Egre-

314 2986 396 3057 miiis‚
411 3003 494 3056 onem
505 2991 625 3045 venerari
641 2992 724 3060 possit
742 2993 903 3062 quicunqne.
918 2994 941 3049 ai
952 3004 993 3050 est
1006 2995 1100 3050 catbo·
1151 2999 1260 3054 diuntur
1282 2999 1368 3052 oilleia
1393 2996 1458 3052 urbe
1480 3004 1534 3051 tota
1561 2994 1686 3063 palatina.
1711 2992 1797 3059 iube,
1812 2993 1938 3064 rogaris·

314 3079 381 3135 licus
393 3088 421 3135 et
435 3080 584 3147 Romanum
600 3095 691 3138 amare
710 3095 793 3149 certe,
806 3083 829 3139 si
853 3083 944 3139 ridere
967 3093 1101 3140 mercatur
1152 3092 1277 3147 audielmt
1291 3091 1443 3160 episcopus.

314 3180 342 3226 et
357 3170 503 3229 Graeculus
517 3173 576 3228 iam
591 3174 613 3227 si
636 3174 670 3228 ad
683 3188 835 3232 sermonem
858 3176 930 3231 illius
951 3179 1099 3245 veniamus,
1115 3171 1139 3235 C
1190 3183 1225 3238 tlt
1238 3181 1396 3237 venerabilis
1408 3190 1436 3236 ει
1447 3178 1553 3233 seculis
1572 3177 1695 3232 omnibus
1709 3175 1835 3244 probatns
1848 3174 1941 3243 ponti·

315 3276 449 3329 nunquam
462 3262 501 3317 sic
513 3261 586 3317 diras
597 3263 703 3331 aspides
717 3267 857 3323 uerborum
878 3266 967 3334 digitis
982 3268 1101 3322 incanta-
1154 3272 1208 3339 ies,
1225 3279 1394 3341 posteaquam
1409 3270 1587 3336 introgressus
1609 3276 1660 3333 est,
1675 3274 1702 3320 ct
1717 3264 1866 3333 {traiciendi
1879 3278 1937 3319 scr«

315 3357 357 3405 tor
370 3349 514 3405 Tbessaiua
528 3351 651 3404 violentis
672 3354 770 3419 poterit
791 3368 903 3409 evocare
926 3358 1099 3427 canninibus,
1152 3363 1238 3416 monis
1259 3361 1372 3415 donatus
1395 3360 1510 3424 licentia,
1524 3357 1646 3426 qttamtis
1662 3354 1777 3425 iugitirac
1797 3354 1939 3423 potestatis

314 3438 449 3507 quomodo
473 3438 518 3494 ilie
542 3438 665 3494 eiieetum
690 3441 823 3509 petitionis
846 3457 901 3497 suae
924 3458 940 3497 a
964 3448 1101 3514 negaturis
1152 3451 1281 3518 insignia,
1301 3460 1403 3505 ostrum
1427 3462 1598 3519 gemmasque
1621 3446 1761 3502 rutilantes
1784 3443 1942 3500 reverendae

314 3537 466 3599 asternunt.
478 3529 578 3586 Pendet
587 3528 614 3585 in
623 3530 734 3586 arbitrio
744 3530 813 3598 elus,
822 3546 882 3587 cunt
896 3531 967 3602 ioqui
978 3535 1100 3603 coeperit,
1152 3540 1274 3609 imaginis
1290 3516 1393 3610 inlgtira
1406 3539 1595 3609 compresserit
1607 3537 1716 3608 (atenim
1730 3536 1805 3604 guasi
1827 3535 1940 3590 absente

316 3624 446 3679 sententia
471 3621 614 3677 audientis.
634 3620 736 3677 Pendet
748 3622 892 3692 jussuum,
907 3625 951 3694 otti
972 3640 1102 3683 excusare
1152 3633 1329 3700 imperatore,
1345 3629 1379 3683 its
1404 3630 1431 3682 in
1455 3643 1485 3683 se
1507 3627 1601 3683 oculos
1625 3634 1741 3683 nacerat
1760 3622 1940 3692 singolorum)

317 3714 459 3781 disposuit,
472 3712 548 3767 sitltli
571 3712 702 3784 allegandi
723 3716 800 3784 copia
822 3716 1009 3771 concedatur.»
1027 3718 1102 3772 Tunc
1153 3721 1198 3774 tali
1228 3718 1379 3773 narratione
1407 3717 1552 3787 incipiens,
1573 3718 1683 3783 januam
1709 3716 1763 3769 oris
1783 3713 1937 3767 reserauit:

317 3803 443 3873 patricius
466 3803 590 3862 Ricemer
612 3807 648 3862 ita
676 3808 812 3878 respondit
828 3826 834 3862 ε
849 3825 859 3860 ι
877 3808 976 3863 [tetulit
1000 3811 1033 3863 ad
1059 3824 1102 3865 me
1155 3830 1165 3863 ι
1184 3811 1291 3867 Summa
1313 3810 1430 3866 celestis
1454 3810 1570 3878 Domini,
1584 3807 1736 3863 venerande
1749 3805 1879 3877 princeps,
1894 3811 1936 3859 est

317 3893 389 3949 bunc
409 3893 544 3953 bominem
558 3912 637 3970 qnam
652 3893 886 3969 exponitis‚.iama
900 3899 1044 3969 gloriosum
1057 3909 1104 3957 :et
1152 3887 1320 3955 ordinatione
1334 3898 1501 3967 dispositum,
1516 3907 1545 3952 nt
1558 3898 1599 3952 cni
1615 3905 1695 3951 tante
1708 3893 1858 3961 reipublice
1871 3906 1937 3947 cura

318 3985 344 4038 in
359 3983 410 4040 boe
422 3988 509 4058 magis
528 3989 697 4045 admirationi
712 3991 777 4045 mibi
791 3997 844 4056 est,
857 3989 927 4060 quod
948 4005 1042 4045 omnes
1056 3992 1103 4045 ba·
1153 3987 1341 4053 mandabatur,
1354 4002 1401 4057 per
1415 3989 1551 4042 eatltolice
1565 3987 1625 4045 iidei
1639 3985 1735 4056 dogma
1752 3984 1832 4038 beutn
1847 3990 1877 4037 et
1890 3995 1940 4035 au-

318 4074 380 4129 iteat
403 4076 570 4144 laudatorem
596 4079 686 4134 nullos
707 4079 766 4148 ejus
789 4079 886 4148 quibus
910 4094 957 4148 per
977 4079 1102 4134 invidiam
1153 4090 1255 4137 ctorem
1270 4084 1299 4133 'et
1320 4089 1464 4134 amatorem
1481 4078 1586 4145 pietatis
1602 4083 1774 4146 agnoscerem
1790 4088 1838 4142 per
1859 4087 1942 4142 quern

319 4164 455 4229 alutndare
476 4167 546 4222 solet
560 4169 674 4233 nonina,
690 4168 778 4237 prodit
792 4168 924 4224 inimicos.
938 4170 977 4226 ite
990 4185 1063 4239 ergo,
1076 4179 1104 4226 et
1154 4170 1283 4225 beliorum
1298 4168 1413 4223 lusorem
1429 4167 1502 4237 pacis
1514 4181 1588 4227 arma
1599 4152 1782 4233 ¹confringunt,
1796 4172 1824 4218 et
1835 4163 1942 4218 caimos

319 4267 409 4329 rogate
418 4258 553 4315 bominem
565 4260 622 4326 ilai,
631 4269 661 4314 nt
669 4260 788 4316 ambulat
799 4278 807 4317 ε
816 4261 920 4334 iungite
931 4265 1012 4319 ctiam
1028 4276 1102 4319 ntoas
1154 4261 1223 4316 oolla
1234 4258 1366 4330 superbiae
1377 4257 1520 4323 eoncordia
1535 4253 1731 4325 snperatmmd
1746 4253 1875 4309 tortitudo
1887 4268 1943 4308 non

319 4365 446 4421 preces.»
464 4351 571 4423 Egressi
593 4351 628 4407 de
649 4351 763 4408 oonsilio
784 4354 830 4422 (on
852 4353 994 4418 mociiioii
1011 4355 1103 4410 statim
1155 4350 1291 4420 prevalet.
1305 4346 1350 4403 Sic
1364 4361 1479 4417 namque
1500 4344 1581 4400 Dauid
1605 4342 1800 4415 predicabilent
1815 4341 1942 4412 parcendi

320 4443 440 4501 'licinum
456 4452 558 4515 petum,
573 4457 687 4499 causam.
702 4453 821 4509 tramant,
834 4445 916 4510 lusis,
931 4455 961 4501 ut
974 4448 1052 4502 istum
1065 4446 1105 4500 ia·
1157 4441 1241 4511 magis
1255 4439 1363 4494 inimico
1375 4437 1480 4493 animus
1492 4436 1616 4501 reddidit,
1630 4449 1709 4505 (11111111
1724 4429 1943 4489 111111101111111·

320 4538 413 4594 borem
433 4536 590 4606 susciperet,
605 4534 699 4589 beatm
714 4535 879 4604 Epiphanius
899 4546 1007 4604 rogator
1020 4537 1105 4607 lacrg-
1120 4525 1242 4586 Dcandi.
1260 4530 1305 4587 Sin
1318 4529 1427 4599 perlecti
1439 4528 1597 4585 saeculorum
1619 4541 1695 4596 reges
1709 4534 1736 4580 ει
1755 4524 1864 4588 domini,
1879 4536 1940 4591 sup·

319 4629 372 4685 ntis
384 4646 392 4683 ε
403 4628 448 4697 qni
470 4642 504 4682 nc
523 4631 680 4682 extenuaret
698 4624 871 4689 beneficium,
883 4625 904 4680 si
921 4624 991 4679 illios
1003 4624 1105 4681 diutina
1160 4615 1941 4693 piscantibusindulgeroooelastlartedidicerantsuperor

214 4771 217 4777 ,
319 4718 513 4789 supplicatione
534 4724 681 4788 torqueret,
699 4714 842 4771 antecessit
860 4714 991 4771 desideria
1012 4721 1105 4784 postu·
1159 4726 1273 4781 namque
1286 4710 1475 4766 dominationis
1489 4711 1573 4766 instar
1596 4708 1724 4779 possidet,
1736 4707 1783 4777 gui
1803 4706 1952 4774 imperim

320 4810 420 4863 lantum
434 4824 442 4860 t
454 4820 524 4877 quos
536 4816 624 4864 tamen
639 4807 729 4863 taliter
742 4808 942 4865 allocutusest:
957 4827 966 4861 t
980 4805 1106 4874 Quamvis
1159 4818 1235 4858 suum
1255 4803 1351 4871 pietate
1374 4801 1508 4857 sublimat.
1531 4801 1588 4856 iloc
1602 4812 1667 4870 ergo
1682 4797 1757 4853 italia
1773 4806 1861 4852 restra
1877 4796 1926 4849 lrm

321 4904 402 4952 untm
419 4897 459 4952 rel
478 4900 625 4955 nenessitas
649 4900 843 4969 probatissime
867 4890 1107 4970 personae‘pnndus
1157 4893 1275 4963 judicio,
1300 4891 1341 4948 sel
1364 4892 1486 4947 liicemer
1509 4890 1649 4961 patricius.
1675 4888 1831 4958 parcitatem
1858 4901 1943 4939 ornata

321 4987 447 5057 inquirat,
462 4996 490 5043 et
504 4989 600 5045 titubet
609 4991 661 5046 sub
674 4990 748 5062 gravi
760 4990 832 5045 lasea
852 4991 966 5061 portitor
980 4990 1106 5044 immatu-
1160 4985 1262 5040 ‘oratu
1286 4982 1405 5065 direxit:
1421 4981 1602 5037 indubitanter
1625 4978 1784 5048 conjiciens,
1799 4974 1869 5043 quod
1893 4973 1943 5028 ilo·

320 5091 377 5142 1111.
387 5077 512 5135 allectum
523 5087 702 5149 tamengoent
712 5081 796 5137 dobeo
807 5080 900 5149 patrio
910 5095 963 5134 non
975 5078 1106 5148 negabor
1161 5077 1278 5132 manusi
1294 5076 1348 5131 beo
1361 5089 1457 5129 munus
1479 5073 1587 5136 tribuat,
1601 5085 1681 5141 quam
1701 5078 1824 5138 precatur
1845 5077 1871 5120 et
1887 5066 1944 5118 itar-

321 5169 422 5240 Qnibns
444 5171 561 5227 breuiter
586 5172 720 5238 narratis,
741 5171 876 5242 puomodo
900 5180 959 5227 erat
982 5170 1108 5241 loquendi
1161 5168 1318 5226 barusAErit
1329 5168 1399 5222 onim
1412 5166 1562 5235 triumpbus
1572 5163 1667 5219 nestris
1678 5164 1783 5232 proprie
1793 5156 1942 5230 prointmut

322 5285 476 5341 catltedram
492 5300 576 5353 nuper
595 5282 724 5339 adscitus.
746 5286 834 5351 Quare
848 5298 909 5339 eom
929 5291 1037 5337 octavus
1051 5281 1109 5350 ejus
1161 5277 1253 5333 Graeco
1272 5278 1424 5347 imperatore
1442 5276 1602 5329 dissuadens.
1625 5271 1746 5355 (irsoum
1767 5284 1881 5349 nemone
1894 5267 1943 5348 im·

320 5371 419 5423 annus,
435 5364 465 5410 nt
477 5364 567 5424 postea
581 5352 694 5417 dicetur,
708 5354 831 5410 inciderit
843 5354 871 5411 in
886 5362 1004 5422 tempora
1019 5350 1108 5420 Nepo-
1164 5356 1313 5427 peratoretn
1329 5346 1516 5416 appellandos
1531 5346 1646 5426 Leonem
1661 5339 1942 5422 pemmonem-timenus.

323 5431 367 5491 tis,
382 5427 495 5495 primam
509 5425 578 5480 banc
591 5422 749 5492 legationem
767 5424 818 5481 sub
837 5438 934 5481 annum
954 5423 1007 5480 tos
1021 5421 1109 5479 nonti-
1164 5416 1256 5498 mirei
1271 5415 1336 5471 mbil
1357 5425 1415 5469 erat
1428 5430 1487 5470 enm
1503 5415 1609 5478 Eumne,
1628 5411 1674 5467 sed
1688 5412 1859 5537 ssantbemmm
1874 5423 1918 5476 qut
1932 5420 1941 5461 t

321 5504 677 5634 815188(ι’2ιθιιοιιιωιξιθεὲῗιῐειιειιιιιι]
689 5562 857 5618 Anthemium
868 5579 945 5632 ouem
959 5562 1109 5618 Graeculum
1165 5484 1592 5620 (tregrunltfflevrgtztgttlngnltlomn
1603 5496 1691 5634 'rafim
1728 5491 1747 5534 t.

323 5651 386 5689 totos
413 5645 499 5691 vocat.
529 5633 653 5690 Sidonius
678 5640 740 5688 ilem
768 5633 804 5703 de
829 5635 953 5688 Artatttin
978 5634 1108 5689 scribens.
1202 5624 1321 5680 ‘silon
1333 5636 1358 5679 ει
1373 5624 1504 5689 ΒιιΙΙειιιι.,
1518 5620 1693 5693 incaptcitita.

323 5705 435 5771 pjttsqtte
451 5704 546 5760 litteris
558 5702 591 5758 ad
606 5704 729 5759 Ettrieum
749 5703 794 5761 lib.
810 5719 830 5766 t,
844 5706 924 5773 epist.
941 5704 976 5760 ἰε
992 5701 1052 5757 llere
1077 5700 1111 5750 cd
1200 5697 1314 5779 ‘beliot
1331 5703 1356 5747 ot
1372 5693 1449 5773 iloii„
1464 5706 1572 5748 marono.

325 5789 410 5854 tegent
428 5772 569 5832 tectorem
589 5774 678 5831 citaris
695 5774 825 5829 uidebatur
843 5775 933 5839 emitti,
946 5788 1032 5842 pacem
1055 5786 1110 5823 ctum
1201 5767 1316 5824 ”inimum
1333 5763 1462 5817 ilotnmua.
