4188 6258
337 406 392 468 ets
820 345 822 348 ‚
890 394 1030 467 eunoun
1046 360 1197 451 noscunt
1217 391 1404 453 rtetunusts
1901 395 1956 451 su

366 511 519 577 Piistquout
534 508 543 538 ⁹
557 507 673 562 adscitus
696 506 721 561 in
746 522 856 577 regnum
879 508 1025 562 odovacris
1044 506 1159 566 tantoA
1208 490 1311 558 lntcreu
1335 518 1370 558 ne
1391 502 1457 557 solis
1471 502 1604 558 civitatem
1629 503 1791 573 templorum
1806 503 1905 608 uadibus
1916 509 1957 563 vi·

334 600 404 654 rarltu
426 598 556 665 insignem
577 598 662 650 uirum
686 598 767 664 cupit
791 596 933 662 bonorare,
946 606 974 651 ut
997 597 1126 650 omnium.
1169 593 1277 649 deretur
1296 608 1419 660 ornasse,
1435 593 1512 649 lessio
1533 593 1653 664 ejusdem
1672 595 1747 650 uritis
1767 594 1956 656 babttatoribos

334 688 501 742 decessorum
525 700 634 740 suorum
658 686 731 740 eirca
753 701 815 741 cum
837 685 927 741 olllcia
943 664 1116 754 precederet.
1168 683 1348 738 remediorum
1371 682 1486 739 uutttate
1510 682 1657 753 prospexit.
1674 683 1740 739 Natu
1759 684 1862 786 directa
1887 689 1957 758 lega-

332 769 432 831 luteret
445 790 478 831 ne
490 774 535 830 diu
547 776 644 831 insiliis
656 776 789 832 domicilia
811 775 903 831 diuina
919 783 1120 845 premerentur,
1169 774 1241 828 tione
1253 774 1288 826 ad
1297 771 1473 838 odovacrem,
1489 773 1499 805 ⁸
1513 773 1688 844 quinquennii
1705 784 1872 878 uacatmuem
1886 775 1957 832 lisca·

332 863 534 933 autegloriusun
545 864 656 920 antistas
669 864 848 920 secutucandi
861 864 975 933 sumpsit
985 863 1115 928 animum,
1168 860 1234 917 lium
1258 861 1417 916 tributorum
1443 861 1657 931 impetravitasd
1679 877 1739 933 que
1757 863 1889 970 benedcrn
1911 882 1957 970 per

331 967 410 1023 quam
423 955 795 1022 expensasautsubotantiam
807 952 984 1022 praeparandi.
999 951 1119 1023 ingentis
1167 950 1286 1020 singulos
1308 951 1504 1022 dispertienda,
1520 960 1594 1007 tanta
1617 966 1649 1008 se
1669 954 1795 1011 castitate
1815 966 1955 1025 contrudit,

330 1041 408 1110 pretii
423 1041 536 1097 fabricas
549 1042 607 1098 sios
621 1043 928 1097 nummorumattollere
942 1041 1051 1098 condito
1063 1054 1119 1094 non
1168 1050 1196 1093 ut
1212 1053 1295 1097 nomo
1316 1055 1350 1096 ex
1367 1040 1410 1098 bit
1431 1043 1519 1098 miuus
1537 1041 1682 1112 acciperet,
1698 1057 1779 1113 quana
1797 1046 1820 1100 ie
1838 1060 1893 1116 quo
1906 1047 1957 1105 lue·

331 1132 450 1201 expavit,
460 1124 614 1200 'apostoticae
628 1131 818 1187 admonitionis
839 1134 910 1186 bauti
922 1128 1117 1199 insciusquod
1166 1137 1228 1185 rant
1241 1130 1402 1225 impetrante
1413 1146 1552 1188 concessa.
1573 1130 1712 1187 llumbaee
1725 1142 1814 1188 utneu
1832 1149 1957 1243 gereres:

331 1219 450 1275 colestia
463 1234 542 1289 regna
553 1221 733 1290 querentibus
744 1219 900 1277 indelicieus
907 1218 1007 1289 iugioer
1017 1231 1117 1274 centus
1168 1230 1219 1286 tur,
1236 1221 1262 1278 io
1276 1222 1421 1292 perniciem
1435 1221 1550 1293 Ligurius
1571 1236 1757 1293 possessorum
1772 1225 1783 1256 ⁸
1798 1226 1899 1303 Pelagu
1912 1243 1956 1298 qut

330 1310 469 1372 exuberet.
483 1308 559 1364 etde
582 1309 663 1380 pleno
682 1323 789 1378 semper
809 1309 944 1377 impertiat
970 1322 1048 1378 qoem
1064 1322 1116 1362 non
1168 1328 1198 1368 ea
1225 1321 1383 1384 tempestate
1405 1316 1531 1384 pretorio
1556 1315 1696 1384 praelectus
1723 1326 1801 1383 erat,
1820 1321 1956 1389 repositus

331 1400 458 1469 opprimit
480 1402 506 1455 iu
530 1400 660 1469 largiendi
679 1401 820 1455 voluntate
839 1409 991 1469 paupertas.
1008 1400 1118 1455 otcebu
1167 1402 1276 1458 nralitioa
1299 1402 1381 1458 arder
1410 1404 1543 1459 efferbuit.
1563 1406 1629 1465 llam
1652 1409 1850 1477 coemptionum
1874 1425 1955 1467 enor-

332 1491 402 1545 enim
417 1507 423 1541 z
440 1489 490 1543 llis
504 1500 545 1544 ott
560 1498 590 1542 ut
603 1490 720 1550 animum
738 1490 843 1545 divitem
866 1490 1027 1558 possibilitas
1040 1490 1118 1545 dese·
1167 1494 1260 1553 onitate
1281 1493 1439 1564 gratissima
1463 1495 1559 1551 tributa
1581 1497 1752 1566 duplicabat,
1776 1501 1955 1574 reddebatque

332 1588 383 1642 rat,
395 1577 619 1633 etdillrcillimunr
630 1586 660 1633 ut
670 1587 797 1648 sequatur
807 1579 968 1637 abundantis
980 1581 1116 1635 bominem
1167 1597 1237 1640 ornus
1249 1586 1395 1657 geminum,
1406 1589 1484 1656 quod·
1494 1589 1608 1659 simplex
1622 1591 1753 1648 sustinere
1766 1608 1819 1653 non
1838 1606 1954 1667 poterat.

331 1676 421 1723 meme
441 1667 601 1722 mendicum.
617 1667 676 1722 lam
694 1667 803 1737 jamque
820 1678 912 1723 tamen
929 1667 1035 1737 fastigia
1056 1683 1118 1738 per·
1168 1673 1244 1729 Unde
1267 1689 1331 1729 mox
1355 1676 1388 1729 ad
1411 1687 1530 1731 sanctum
1556 1680 1643 1734 uirum
1664 1693 1854 1750 oppressorum
1876 1687 1955 1743 turba

331 1755 453 1812 lectionis
472 1756 580 1825 maioris
600 1757 722 1812 ecclesias
735 1772 803 1827 opus
816 1758 949 1828 attigerat,
963 1759 1075 1815 edidoio
1088 1767 1115 1816 et
1167 1763 1312 1830 conduxit3
1324 1765 1370 1835 qui
1382 1765 1458 1821 tetus
1468 1769 1640 1825 succurrendi
1653 1772 1806 1828 occasiones
1818 1775 1955 1845 amplecti·

330 1844 504 1900 dedicationis
519 1846 666 1916 insignibus
686 1847 828 1903 adornato.
845 1849 991 1920 Extemplo
1005 1849 1116 1909 alterius
1132 1850 1153 1919 li
1168 1865 1221 1919 tur,
1236 1865 1263 1911 et
1277 1871 1325 1924 pro
1337 1864 1492 1911 carnotorum
1517 1859 1676 1917 necessitate
1694 1861 1783 1918 alacer
1797 1864 1955 1933 ambularit,

330 1937 450 1991 cecteste
475 1946 531 1990 tuna
559 1938 726 1994 columnatus
749 1949 860 2008 repente
886 1943 974 2008 peries
999 1942 1115 2012 impulsu
1168 1945 1300 2014 poposcit,
1312 1945 1436 2002 obtinuit.
1448 1944 1501 2000 Sed
1512 1948 1576 2016 quid
1585 1946 1777 2021 frustragentio
1787 1952 1955 2022 singulorum

330 2027 418 2081 caltidi
438 2026 569 2096 serpentis
583 2028 685 2098 eiectus
699 2037 750 2084 cst.
765 2029 856 2087 Voluit
868 2032 985 2100 experiri
1014 2032 1037 2086 si
1050 2030 1118 2086 mul·
1167 2035 1270 2102 specics
1292 2035 1412 2092 laborum
1434 2039 1492 2108 ejus
1512 2037 1673 2093 rel‘lormas
1691 2040 1859 2111 eloqui,dum
1878 2047 1955 2114 quod

330 2117 412 2181 tiplici
425 2116 482 2186 ejus
496 2117 581 2185 possit
595 2118 735 2173 vetatione
747 2118 878 2175 subverti.
899 2122 935 2175 At
953 2120 997 2176 illo
1016 2120 1118 2175 violeu-
1167 2140 1220 2179 non
1240 2126 1357 2195 explicat
1379 2129 1550 2197 possibilitas,
1567 2130 1703 2198 presumit
1721 2131 1841 2201 edoctus,
1855 2135 1956 2207 datque

330 2208 391 2274 tior,
403 2220 437 2261 nc
451 2207 528 2261 mulis
542 2207 600 2275 eius
615 2208 737 2273 cederet,
751 2207 917 2278 assurgebat,
936 2217 964 2264 et
977 2210 1115 2275 continuo,
1167 2216 1309 2272 corentinum
1338 2219 1432 2275 latiora
1457 2223 1628 2291 opinantibus
1650 2225 1783 2280 sermonis
1809 2229 1955 2296 angustini

329 2300 509 2369 sincalieojun
522 2300 652 2369 i¹⁸⁸i⁰¹li⁸
663 2299 770 2365 indicii),
782 2298 814 2355 ed
826 2301 1021 2370 ieiiffliilntm
1033 2301 1117 2365 insius
1166 2309 1283 2365 liumunt
1307 2320 1395 2368 tamen
1413 2314 1464 2368 ista
1486 2315 1659 2370 sacratissimi
1682 2318 1752 2372 ratis
1768 2317 1916 2386 desideria,
1928 2330 1955 2377 ut

329 2389 407 2458 plena
419 2403 448 2443 se
460 2388 587 2443 auiditate
598 2388 741 2443 succinxit.
751 2388 839 2443 Nimio
853 2397 943 2445 umen
954 2391 1115 2448 universitas
1165 2415 1225 2454 cum
1247 2401 1452 2459 innumerabilia
1473 2404 1581 2473 laceret,
1596 2413 1701 2476 optaret
1715 2407 1749 2464 de
1763 2408 1884 2463 laudibus
1898 2413 1955 2467 suis

331 2478 470 2533 tenebatur
482 2477 629 2543 minutim
644 2477 713 2547 duod
729 2478 763 2533 ab
782 2478 840 2548 ipso
854 2478 946 2548 templi
961 2478 1034 2534 tuoto
1048 2481 1115 2535 arti-
1164 2501 1209 2541 aut
1225 2490 1297 2545 uuila
1311 2500 1357 2547 aut
1371 2507 1454 2562 pauca
1473 2496 1626 2565 perstringi.
1649 2496 1724 2553 boue
1743 2498 1767 2553 si
1786 2498 1848 2569 quid
1865 2505 1955 2558 mitius

330 2572 392 2624 ltocs
404 2584 464 2624 cum
480 2568 579 2638 ingenti
599 2569 721 2625 manitius
735 2577 911 2627 corruerunt:
925 2570 1014 2626 nullus
1025 2579 1113 2627 umen
1165 2579 1253 2647 lingua
1273 2594 1375 2653 pauper
1394 2583 1497 2653 aperui,
1509 2584 1672 2653 audientium
1687 2596 1715 2653 et
1731 2588 1878 2660 legentium
1891 2607 1955 2649 seq.

328 2665 570 2713 eorumnutcrure
591 2656 785 2713 debilislactus
803 2666 855 2727 est,
870 2667 916 2713 aut
928 2660 1016 2730 aliqua
1030 2676 1114 2716 mem-
1164 2671 1238 2727 sibus
1247 2671 1417 2745 derelinquo.
1560 2730 1562 2733 ,
1744 2718 1747 2725 ,

328 2748 435 2803 Ιιιοιιιιιι
452 2758 526 2818 parte
541 2755 689 2803 truncatus.
711 2747 787 2815 Qirod
809 2749 974 2805 orationibus
995 2751 1113 2821 episcopi
1164 2798 1168 2803 .
1200 2762 1263 2817 Posi
1282 2765 1381 2821 murm
1400 2774 1490 2824 umen
1508 2782 1575 2835 quas
1588 2771 1657 2840 apud
1673 2772 1840 2831 Odoracrem
1860 2792 1953 2848 regem

327 2839 469 2910 mliiiissii
501 2848 658 2895 ⁰⁰¹¹⁰i⁰¹l¹¹¹¹
687 2840 810 2897 ⁸0⁰⁸th
836 2842 937 2911 patuit;
959 2852 988 2897 ¹¹¹
1014 2843 1111 2898 milleni
1165 2853 1310 2924 legationes
1334 2856 1461 2912 violentia
1486 2859 1687 2935 supplicationis
1709 2865 1815 2936 exegit,
1836 2866 1955 2937 disposi-

328 2930 460 2998 lif⁰iii²¹¹¹
487 2930 561 2985 wilti
585 2931 744 2997 swinewit
759 2940 787 2986 θῑ
810 2943 910 2987 ΗΜ]
935 2947 985 2989 ⁵¹¹⁰
1010 2932 1112 3002 lapides
1164 2945 1237 3000 tisino
1256 2946 1373 3002 caelestis
1396 2948 1500 3019 imperii
1515 2952 1547 3006 ad
1561 2940 1665 3006 ltaliam
1679 2954 1690 2984 ⁸
1703 2952 1882 3012 Theodericus
1905 2974 1954 3014 ren

326 3018 561 3090 suspenderentur.
578 3018 717 3090 stupendo
741 3031 830 3077 minen
853 3020 1029 3078 ordinationis
1052 3023 1113 3089 cios
1162 3050 1222 3091 epm
1234 3037 1365 3095 imm„
1379 3041 1485 3097 „gorg
1498 3044 1538 3098 „p
1551 3045 1721 3104 mqqqqupqm
1734 3051 1907 3119 commem„
1920 3056 1954 3111 ,ἀ

325 3124 415 3176 illius
431 3125 510 3180 supra
521 3109 586 3165 (iiiii
597 3098 688 3179 ⁰1³⁰?ss
703 3110 893 3180 lilsoeli‘lsslm
908 3112 985 3168 labor
996 3113 1111 3185 'Willis
1162 3142 1240 3199 quero
1259 3130 1303 3185 vir
1316 3129 1514 3202 integerrimus,
1529 3133 1593 3189 dum
1612 3134 1754 3193 llediolaoi
1771 3138 1827 3208 jam
1849 3143 1954 3210 positus

333 3200 391 3255 larta
404 3209 589 3256 consummato
603 3202 712 3272 majoris
731 3203 852 3258 ousiosim
864 3206 880 3236 ¹
890 3207 1110 3274 preparationem
1125 3200 1148 3264 C
1162 3231 1244 3289 egga,
1259 3224 1386 3280 exemp,
1402 3224 1486 3294 Quem
1507 3241 1567 3281 cum
1589 3228 1633 3282 pre
1654 3243 1747 3299 regum
1763 3234 1953 3300 „mgnqssg

290 3272 298 3285 ι
325 3290 438 3356 ’'⁶⁵¹⁰'’
453 3289 550 3358 “imm
564 3289 597 3344 ”d
613 3289 714 3359 ‘miii'
738 3292 832 3359 ΡΜ
848 3293 1038 3349 1⁰⁰⁰¹¹¹¹⁰⁵¹³¹¹³
1050 3309 1110 3351 ⁸⁸¹³·
1158 3324 1221 3375 'mus
1241 3307 1330 3377 cordis
1353 3322 1437 3378 oculis
1461 3323 1630 3390 inspexisset,
1644 3334 1672 3379 ct
1692 3326 1771 3381 solita
1791 3326 1883 3396 judicii
1907 3332 1951 3386 sui

324 3378 426 3434 mim
447 3378 590 3447 “mmm
610 3378 719 3434 ΜΝ·
742 3380 807 3446 ⁰⁶⁵³
832 3383 878 3451 ‘¹¹¹³
902 3384 1015 3441 ”adum
1036 3399 1111 3442 ⁰⁰⁰²·
1160 3396 1326 3469 sacerdotem
1349 3394 1470 3487 noeirum
1494 3414 1560 3469 libra
1584 3424 1726 3487 pensaret,
1751 3419 1855 3475 iureoit
1874 3421 1901 3476 in
1915 3437 1951 3481 eo

324 3478 430 3539 immi
452 3468 613 3524 iflii‘liiiffl·
637 3469 739 3536 Olibii
763 3481 851 3528 iiim
875 3474 909 3530 ib
930 3489 964 3530 ²⁰
985 3477 1110 3534 ⁰0¹0ii¹0¹
1160 3500 1264 3568 pondus
1279 3502 1397 3557 omnium
1418 3514 1547 3561 constare·
1562 3506 1700 3575 virtutum,
1713 3508 1790 3577 cujus
1808 3510 1949 3581 integrita-

323 3560 436 3629 eractis,
449 3575 510 3617 mox
521 3575 551 3617 se
565 3561 591 3617 in
606 3561 680 3617 illum
692 3563 798 3618 diuinos
812 3564 887 3620 lator
901 3567 1026 3623 ostendit.
1040 3568 1109 3625 llam
1157 3597 1213 3645 105„
1228 3590 1302 3646 ,epm
1321 3591 1459 3651 [agrippas
1474 3597 1551 3653 gnei,
1565 3600 1598 3654 ad
1615 3605 1832 3671 perpendiculum
1847 3611 1949 3668 menn,

322 3650 350 3707 ii·
364 3649 483 3720 ‘lumin
503 3652 566 3706 ²⁰⁰⁵
584 3652 720 3708 iliricum
740 3668 842 3708 illim
864 3655 1016 3712 ‘immin
1031 3660 1108 3716 ²⁰¹&
1158 3693 1285 3737 emensus
1295 3691 1337 3738 cst
1349 3700 1356 3735 ε
1367 3683 1413 3753 qui
1423 3684 1469 3739 tali
1479 3688 1548 3759 apud
1562 3703 1627 3746 suos
1640 3690 1674 3748 de
1687 3692 1732 3750 illo
1743 3709 1866 3752 sermone
1879 3713 1947 3756 usus

321 3742 356 3798 de
368 3742 486 3799 obsessis
505 3753 645 3814 coeperunt
665 3745 782 3803 clamare
796 3749 963 3819 corporibus,
976 3752 1065 3824 ltagris
1077 3769 1108 3813 te
1158 3779 1214 3824 est:
1235 3790 1244 3824 ι
1263 3771 1333 3829 licce
1347 3775 1492 3844 bominem,
1506 3779 1548 3834 cui
1564 3789 1634 3837 totus
1646 3784 1739 3839 Oriens
1751 3784 1863 3840 similem
1886 3804 1943 3845 ιιιιιι

322 3844 348 3890 et
360 3835 521 3891 cruciatibus
534 3835 632 3901 nimiis,
645 3847 674 3893 1¹²
691 3838 822 3910 inderent,
838 3844 977 3901 sacerdote
988 3844 1106 3917 Eplplta-
1158 3857 1238 3915 ltabet
1250 3877 1258 3913 :
1269 3875 1347 3931 quem
1363 3863 1471 3932 uidisse,
1488 3869 1625 3935 premium
1648 3881 1704 3937 est;
1717 3887 1775 3928 cum
1791 3889 1844 3944 quo
1861 3874 1943 3932 babi-

321 3925 368 3980 nio
383 3926 530 3994 imperante
543 3928 679 3998 compelli.
701 3931 774 3996 Quos
787 3932 830 3986 illc
849 3934 1025 3991 modicarum
1043 3937 1107 3994 lietu
1159 3958 1225 4015 tare,
1237 3952 1378 4009 securitas.
1401 3955 1560 4016 fortissimo
1579 3975 1657 4017 muro
1680 3963 1827 4022 Ticincusis
1845 3964 1946 4028 ciuitas

320 4014 442 4071 oratione
456 4015 574 4086 prolusa,
587 4017 622 4073 ad
634 4020 731 4074 citima
747 4028 877 4076 terrarum
893 4024 1006 4080 conilnla
1020 4035 1107 4083 trans·
1156 4034 1282 4097 incolumi
1296 4042 1349 4098 isto
1369 4045 1492 4115 vallatur,
1508 4063 1576 4119 quos
1597 4052 1798 4124 impugnantum
1818 4059 1890 4114 nulls
1904 4063 1946 4117 vis

320 4106 460 4169 mittebat,
476 4121 507 4162 ac
529 4106 642 4165 dirersis
662 4110 774 4165 vocibus
794 4111 924 4179 eiulantes
948 4115 1105 4173 meritorum
1156 4130 1241 4198 possit
1268 4133 1398 4199 obsone,
1418 4151 1485 4206 quos
1514 4154 1680 4213 nequaquam
1710 4146 1829 4203 Balearis
1857 4149 1947 4210 tonus

320 4211 428 4252 suorum
443 4199 555 4268 urgebat
570 4199 691 4271 imperio.
713 4201 765 4260 Sed
786 4219 846 4260 cum
862 4202 923 4262 talia
938 4223 987 4279 pcr
1007 4206 1106 4268 Christi
1157 4224 1493 4285 transcendantescursu's.
1505 4230 1534 4287 st
1548 4249 1599 4304 qua
1614 4237 1761 4296 necessitas
1775 4241 1847 4296 iuer
1860 4244 1947 4300 undas

319 4288 539 4360 gratiamjugiter
553 4292 663 4355 laceret,
676 4294 802 4351 nibilsibi
818 4295 852 4352 de
867 4302 1104 4370 praesumptionum
1155 4319 1330 4373 certaminum
1354 4324 1509 4394 accesseris,
1523 4335 1607 4381 iurum
1630 4335 1672 4384 esp
1693 4332 1763 4400 apud
1789 4334 1868 4389 aspum
1888 4352 1947 4390 ma.

319 4379 425 4434 llatibun
440 4383 602 4437 absumebai.
623 4382 706 4439 Tullii
720 4385 790 4441 enirn
812 4386 864 4442 iiiis
878 4382 1105 4465 boni'mdriiipo-
1156 4416 1223 4461 trem
1240 4407 1352 4466 familias
1378 4411 1533 4482 deponere,
1557 4428 1583 4473 et
1609 4421 1760 4489 expeditum
1787 4426 1947 4484 excursibus

319 4469 445 4535 tentiam,
469 4472 566 4542 quibus
598 4474 769 4543 supercilium
803 4478 898 4534 ilducm
932 4480 1102 4554 benignitatis
1156 4497 1450 4558 militarebeliorurn.»

318 4562 446 4618 attulerit.
1117 4559 1144 4619 D
1192 4587 1295 4642 interea
1314 4588 1467 4647 perduelles
1485 4594 1589 4651 artimus
1608 4595 1720 4654 dedititii
1738 4603 1872 4659 exorcitus
1886 4620 1946 4659 nru-

352 4722 360 4753 ¹
377 4719 495 4777 nescitus
512 4721 539 4774 in
558 4736 666 4847 emaum
684 4722 830 4796 Matreu]
853 4725 972 4797 Regum
987 4730 1035 4796 ait,
1049 4746 1102 4788 non
1156 4739 1298 4806 provincie
1310 4742 1415 4812 Alpium
1425 4744 1582 4814 cottiarum,
1592 4752 1655 4876 iquia
1668 4755 1802 4811 exercitus
1813 4771 1860 4825 par
1872 4760 1946 4814 illam

318 4789 553 4861 imperiumequia
618 4807 697 4848 oarer
719 4793 806 4863 ejecto
829 4801 853 4850 in
874 4797 996 4853 cnsilium
1014 4804 1099 4873 liugu-
1156 4808 1590 4875 tunnsiernt,tertiaeindictionistr

318 4859 400 4920 stolo,
414 4858 556 4930 deletoque
571 4862 749 4918 Rornanorum
774 4866 896 4933 imperio,
907 4869 976 4938 rogis
1000 4880 1101 4928 tantum
1153 4878 1199 4933 lilr
1214 4894 1251 4947 tv,
1264 4883 1342 4951 epist.
1358 4882 1405 4939 et.

318 4925 377 4979 sine
397 4939 512 4995 purpura
535 4939 563 4983 et
583 4932 738 5000 insignibus,
753 4949 806 4987 non
821 4937 931 4999 Arigaisti
946 4953 1101 5013 nomn-nas·
1189 4948 1200 4979 ⁸
1217 4949 1316 5024 Pelagii
1326 4955 1369 5021 qui
1380 4964 1499 5023 praetorto
1510 4959 1653 5032 prefectus]
1671 4963 1859 5021 Prniectorum
1872 4971 1945 5024 onim

255 5038 258 5051 ,
317 4993 442 5057 sumpsit,
455 5009 541 5064 coque
553 5009 691 5056 contentus
705 5003 787 5058 ltalius
802 5005 1001 5070 prostituamus
1018 5011 1102 5067 lerino
1173 5022 1270 5075 rmtorii
1284 5031 1342 5077 crat
1357 5024 1455 5080 tributa
1470 5031 1590 5096 exigere,
1606 5036 1664 5094 τοὺς
1685 5037 1838 5108 insanaque
1850 5040 1944 5115 φόρους

318 5062 362 5116 ld.
378 5060 459 5115 letus
470 5061 630 5121 Cirrnoicum
648 5073 787 5128 consulare
803 5074 915 5127 lotatum
932 5091 1022 5155 regom
1039 5092 1101 5144 piro·
1154 5032 1195 5144 iul
1207 5098 1256 5145 τῶν
1269 5093 1318 5150 buu
1337 5092 1475 5164 serapioni
1494 5101 1582 5160 αὐτοῖς
1596 5098 1768 5172 ιισιιρὰτιιιν,
1784 5118 1812 5160 ut
1828 5109 1944 5175 loquitur

316 5131 332 5182 d
345 5141 355 5182 t
370 5146 384 5182 ιι
399 5132 449 5182 cal.
473 5133 648 5204 Septembris,
667 5150 694 5195 et
715 5143 807 5213 quinto
832 5153 891 5213 post
911 5143 955 5200 tite
979 5146 1101 5205 Orestem
1154 5157 1278 5214 Zosimus
1298 5112 1345 5216 iti.
1361 5177 1397 5217 ιι.
1410 5163 1543 5221 Caeterum
1558 5168 1665 5239 Pelagio
1678 5174 1740 5229 lruic
1751 5186 1830 5230 mtatc
1843 5193 1944 5246 suppar

316 5199 496 5254 iueclectum.
1155 5226 1278 5298 Pelagius
1289 5230 1358 5285 alter
1372 5231 1507 5304 petricius,
1519 5238 1560 5290 uir
1572 5240 1694 5298 esiodus.
1707 5254 1734 5298 et
1746 5248 1849 5313 poetica
1866 5250 1943 5305 laudo

352 5271 362 5300 ¹
378 5268 481 5325 Sebott.
497 5270 617 5352 etiloll„
634 5281 829 5346 reportationem.
1154 5297 1254 5363 clarus,
1270 5314 1348 5368 quem
1362 5300 1435 5356 Zeno
1449 5305 1666 5378 Augustusganno
1678 5314 1731 5370 tttu
1746 5317 1859 5370 necavit.
1873 5318 1942 5372 llar-

351 5338 361 5370 ¹
378 5339 549 5406 Quinquennis
562 5346 729 5419 uocationem]
742 5350 872 5407 {lituorum
885 5354 1033 5423 principum
1043 5371 1102 5414 mos
1153 5367 1264 5421 celticus
1286 5382 1394 5436 comes,
1409 5371 1529 5444 Longino
1555 5392 1574 5430 tt
1597 5389 1624 5433 et
1646 5380 1743 5437 Fausto
1766 5400 1853 5448 censs..
1869 5386 1942 5445 Zeno

314 5418 365 5472 est,
379 5409 480 5464 attritis
503 5407 574 5465 ltello
591 5410 635 5468 rel
655 5413 705 5493 ulia
731 5419 772 5471 cal
791 5422 887 5480 mitnte-
898 5425 1056 5483 civitatibus.
1067 5442 1099 5483 ac
1152 5435 1330 5509 lilipl’doqti
1342 5442 1429 5512 quium
1445 5445 1471 5497 ιἰι
1488 5446 1574 5500 insuia
1587 5464 1644 5515 quoe
1660 5449 1819 5508 Portururum
1833 5457 1940 5524 dicitur,

313 5479 469 5548 provinciis,
482 5493 595 5537 oncrum
608 5482 735 5539 tlscalrum
751 5493 889 5547 nucerinam
902 5504 944 5547 atu
959 5493 1098 5565 indulgeu-
1151 5508 1237 5630 mii
1251 5510 1375 5581 precipit.

314 5548 352 5613 tia
365 5549 518 5605 subvenire.
534 5550 578 5605 Sic
599 5550 662 5606 olim
678 5553 868 5613 Constantinus
883 5561 977 5617 AEiluae
998 5567 1097 5622 ciuitati
1186 5575 1197 5605 ⁸
1228 5577 1810 5657 'deoduicurrexldttnoibllssassiodorus.
1828 5595 1940 5651 Probiuo

314 5619 428 5679 graviter
442 5620 546 5675 atiliutae
561 5624 733 5690 quinquennii
744 5626 849 5693 selqua
866 5633 975 5687 retrusit.
998 5634 1097 5688 b'ttutc-
1151 5654 1173 5696 ct
1193 5644 1302 5699 Eusebio
1325 5664 1391 5703 cors.
1411 5651 1572 5716 felicissimus
1590 5666 1666 5728 utque
1681 5666 1833 5731 [cerintum
1850 5670 1881 5719 t).
1901 5668 1938 5722 tt.

1622 4824 1945 4884 utarelamutdasstou.

315 5695 375 5732 tuus
388 5684 494 5741 rlretoe':
510 5691 626 5759 Quinque
637 5706 763 5749 cruorum
776 5698 847 5749 taulis
860 5701 956 5769 reliquo
969 5705 1096 5759 retrusisti.
1151 5730 1194 5768 ros
1206 5714 1374 5771 Tireodett'cut
1388 5721 1490 5775 intrauit
1502 5721 1615 5781 ltuiiunt.

308 5747 339 5826 ¹(i
358 5749 464 5830 instrum
485 5760 600 5818 omutbua
613 5761 701 5819 lustris
725 5764 843 5834 peticus!
865 5768 897 5822 Et
919 5771 1097 5834 Theodericus
