4188 6258
326 423 378 478 ill
502 412 505 417 ⁴
889 412 1025 469 studuit
1046 406 1194 465 Ettscout
1213 406 1398 462 ltctuubsts
1891 394 1945 452 tii

325 533 414 595 caindo
423 531 579 596 concitarat,
592 544 664 585 nese
679 543 731 582 non
748 535 892 581 monetalem
906 527 984 583 deuo
999 524 1108 582 honoris
1121 524 1146 583 Α
1161 518 1296 586 Scriptura
1319 519 1397 573 tader
1418 517 1579 578 revellistis
1598 513 1727 567 ⁰⁰¹·Ulll0-
1744 524 1777 565 οἳ
1797 524 1844 565 ΟΝ
1864 510 1945 581 leiim

237 601 244 611 '
325 618 439 674 eminis
452 618 604 685 impediret,
620 617 737 671 Turbata
751 622 793 670 psl
804 626 913 686 repente
925 615 1112 671 eivimwm.
1164 604 1282 659 dulcium
1299 606 1365 659 [dvis
1383 605 1462 659 vt‘i'llu
1482 603 1626 658 sslllerlllll.
1650 601 1789 656 Postremo
1806 598 1870 671 libid
1889 599 1946 655 ΙὶΙιῐῙ

327 710 401 763 trium
412 708 623 762 Christianorum
638 707 663 761 iu
676 705 793 761 iurarem
806 718 891 763 rerem
902 713 1016 761 memes.
1028 706 1113 759 Bucco
1163 694 1329 757 milleni·
1344 694 1396 761 illi
1408 692 1570 762 Siissibillll·

326 796 359 849 ad
374 796 483 850 exitium
498 792 676 861 poscebatur,
696 803 723 848 et
744 793 770 847 in
786 801 857 847 tama
873 793 1009 848 bominum
1022 793 1113 847 multi·
1199 780 1311 842 Domum
1325 781 1413 841 [iiiiii
1425 781 1532 853 leiim
1547 779 1682 844 &ciffis
1693 786 1722 833 ⁰2
1735 791 1783 833 ¹¹00
1796 775 1950 867 ll¹⁰s¹¹⁸l⁰¹⁸0¹

327 884 419 939 stedine
428 881 646 951 nemptonum,
658 882 708 936 nisi
718 881 763 947 uui
774 882 900 951 injuriam
913 881 997 935 luerat
1007 894 1113 950 passus,
1165 869 1338 927 immoderiia
1353 869 1522 924 commissam
1538 883 1635 941 penum
1647 866 1811 927 θῐΙιιῑῑῐῑῐθῑ.
1826 877 1877 921 ¹¹0⁰
1888 864 1947 920 ⁰⁶5²

327 974 451 1028 inventus
465 979 515 1029 pse
532 970 626 1026 Flebat
641 971 764 1039 egrogios
778 969 908 1039 pontifex,
926 969 960 1025 (ιθ
975 968 1114 1023 inermen..
1164 958 1282 1014 sordenti
1299 961 1426 1030 parcitate
1438 959 1616 1019 contraheret.
1631 954 1854 1011 intercessionum
1869 953 1948 1008 etism

328 1062 397 1115 tbns
411 1061 468 1116 suls
485 1071 512 1116 et
531 1060 662 1117 molestiis
678 1060 811 1131 gaudente
825 1058 967 1128 discipulo,
989 1059 1055 1114 Nam
1079 1060 1114 1113 ita
1165 1056 1228 1099 ‘¹¹⁰⁰
1241 1048 1385 1107 certamina
1403 1046 1566 1117 lll⁰¹l¹d2b²b
1589 1044 1654 1099 Nili
1674 1043 1826 1111 ulfililfli
1838 1054 1889 1111 ΡΝ
1907 1054 1949 1095 ‘⁰‘

327 1147 506 1207 stratonicen
518 1163 567 1216 pro
578 1162 611 1203 eo
627 1148 672 1217 qut
688 1148 831 1215 patroban
844 1149 976 1214 tornatos,
992 1147 1113 1218 singolis,
1166 1135 1259 1190 modiis
1274 1137 1432 1201 miserorum
1445 1135 1561 1204 episcopt
1575 1134 1729 1193 mittebatur
1742 1132 1865 1202 imperto,
1879 1139 1950 1185 nou

327 1247 356 1292 ut
377 1253 427 1294 uec
448 1237 562 1307 glorium
585 1237 719 1307 parcendo
739 1237 872 1306 iactanter
891 1246 1042 1307 quaereret,
1065 1250 1115 1291 nec
1165 1226 1287 1295 exigebat
1309 1222 1468 1281 ben'ellcium
1488 1233 1545 1279 arte
1568 1220 1755 1292 supplicandi,
1774 1229 1804 1275 ut
1822 1219 1952 1276 sentirent

328 1326 489 1391 vindicando
503 1326 627 1383 mndata
641 1325 761 1383 coelestia
775 1327 937 1396 praeteriret.
1166 1317 1217 1376 sibi
1237 1317 1263 1371 in
1282 1316 1371 1375 causis
1393 1316 1523 1384 proluisse
1542 1312 1731 1385 complurimi,
1753 1312 1840 1382 ipsum
1859 1325 1911 1381 per
1923 1322 1953 1366 sc

363 1414 442 1469 Brevi
454 1423 512 1482 post
527 1412 560 1466 ad
577 1411 691 1468 diaconii
705 1423 816 1471 erectus
831 1413 945 1487 iniurias,
961 1414 1115 1468 uicesimum
1166 1407 1319 1475 episcopum
1331 1421 1383 1460 uon
1394 1407 1510 1465 uenisse.
1522 1403 1615 1474 liupeb
1632 1413 1676 1466 tur
1685 1402 1754 1457 cirea
1766 1417 1826 1458 eum
1839 1415 1887 1470 per
1896 1399 1953 1456 dies

326 1517 425 1558 annum
439 1498 677 1566 cutismccndit‚
692 1499 759 1556 lucie
773 1501 898 1556 necdum
913 1501 981 1557 bene
996 1500 1115 1555 bubata.
1166 1501 1285 1570 singulos
1312 1499 1447 1571 popularis
1476 1498 1587 1557 allectus
1610 1507 1636 1557 et
1659 1495 1761 1567 magnis
1785 1491 1954 1548 successibus

326 1590 493 1648 Turbebutur
508 1588 623 1656 suseepti
640 1588 749 1645 bononis
759 1588 883 1646 tirocinio
898 1588 990 1654 bomo,
1004 1591 1048 1658 qul
1061 1589 1115 1657 jam
1166 1590 1454 1656 mummolenum,
1472 1589 1516 1658 qui
1531 1603 1563 1643 ex
1581 1587 1682 1658 judicio
1699 1582 1886 1647 descendebat.
1905 1580 1954 1637 lle-

326 1679 424 1739 ducem
433 1687 537 1747 poterat
551 1676 663 1747 implere
676 1674 856 1732 Christianum
869 1696 876 1732 ε
890 1678 1054 1746 singulorum
1068 1691 1117 1741 pro
1166 1676 1333 1733 siderabatur
1349 1678 1375 1732 in
1388 1691 1422 1733 ec
1434 1677 1610 1733 sacerdotium
1626 1718 1633 1741 ‚
1648 1690 1708 1731 eum
1724 1686 1803 1729 nemo
1817 1669 1955 1725 nutritoris

326 1769 431 1839 pudore
442 1767 595 1825 declinabat
616 1773 761 1834 aspectus,
775 1780 854 1835 quem
872 1767 996 1827 universe
1011 1763 1116 1827 civitas,
1166 1766 1208 1823 sui
1220 1776 1327 1838 optaret
1345 1768 1492 1824 interitum.
1513 1768 1600 1838 ipsum
1616 1778 1705 1822 tamen
1720 1778 1753 1820 ue
1765 1763 1832 1819 odor
1845 1761 1954 1832 quidem

326 1859 401 1927 paraui
411 1857 619 1925 solutissipnutn
630 1854 735 1925 aliqrrod
749 1855 912 1909 attendebat.
924 1854 1025 1908 interca
1036 1865 1115 1918 supra
1132 1872 1154 1933 B
1169 1855 1246 1925 bujus
1259 1855 1392 1926 opinionis
1405 1853 1561 1921 alilarerat:
1576 1847 1756 1910 arbitrabatur
1764 1851 1797 1906 ad
1808 1848 1956 1921 proiectum

327 1946 413 2001 dictus
431 1944 543 2001 antistes
567 1958 674 1997 omnem
695 1942 883 1999 ecclesiastica
905 1941 1116 1998 conversaiouis
1167 1958 1243 1999 suum
1257 1944 1390 2010 sumcere,
1403 1944 1496 1999 sicum
1509 1940 1577 1998 bon'a
1592 1957 1697 2013 semper
1710 1938 1956 1996 aestimationem·

327 2034 503 2093 substantiam
519 2041 545 2088 et
560 2032 665 2091 diritius
680 2046 824 2102 pauperum
840 2048 948 2093 suorum
959 2034 985 2087 in
999 2031 1056 2102 eius
1071 2046 1117 2099 po·
1167 2034 1242 2087 siret.
1260 2030 1402 2105 Postquam
1417 2039 1507 2087 tannen
1522 2029 1638 2087 invalida
1653 2035 1794 2092 senectus.
1809 2034 1835 2084 et
1849 2040 1956 2096 semper

328 2131 423 2179 testate
441 2120 605 2187 committit,
627 2122 721 2178 volens
738 2133 800 2176 anta
819 2124 1001 2191 episcopatum
1018 2136 1116 2190 eogno-
1166 2122 1200 2175 de
1214 2120 1413 2197 inllrmitatlbus
1428 2120 1537 2190 querula
1558 2118 1737 2199 venerabilem
1753 2117 1838 2171 virum
1852 2115 1955 2184 Crispi·

327 2226 417 2276 scere,
432 2212 537 2283 qualem
554 2212 651 2275 lusoris
665 2214 827 2279 temporibus
840 2219 1003 2281 prepararet
1015 2212 1117 2281 episco-
1167 2227 1229 2271 utrm
1244 2211 1395 2281 pontionem
1409 2213 1567 2280 decimauit,
1587 2210 1663 2266 istius
1684 2208 1883 2265 sustentabatur
1901 2222 1958 2263 ma·

327 2315 401 2366 pum.
418 2301 452 2355 Et
463 2317 523 2359 cum
537 2301 583 2356 uix
597 2302 647 2365 sit,
662 2311 692 2356 ut
705 2304 738 2357 ab
752 2316 848 2361 eorum,
860 2302 997 2370 personis,
1013 2301 1116 2371 despui·
1167 2299 1264 2364 uibus,
1288 2299 1315 2353 in
1338 2299 1417 2366 buius
1438 2302 1527 2356 nitens
1551 2300 1704 2372 erigebatur
1726 2298 1885 2368 amplexus,
1911 2311 1958 2367 pes

328 2386 377 2445 bris
397 2388 575 2447 successionis
604 2388 702 2443 seritur
728 2389 961 2459 qrrarrtulacunqus
988 2392 1116 2461 suspicio,
1167 2387 1325 2453 illuserat,
1339 2388 1593 2456 oculus,de1tera;
1614 2386 1691 2456 eujus
1705 2385 1862 2451 ministeriu,
1876 2385 1957 2455 quid-

324 2474 426 2547 iutidia
450 2485 632 2544 temperetur;
660 2475 687 2530 iu
710 2476 786 2531 istius
809 2477 893 2543 gratia
916 2477 969 2532 sibi
992 2478 1117 2533 credebat
1167 2474 1230 2545 quid
1255 2485 1374 2545 optasset
1399 2474 1477 2539 lieri.
1501 2484 1563 2531 ante
1583 2475 1730 2544 juss³unem
1751 2488 1826 2529 suam
1850 2472 1960 2527 ridebat

327 2565 416 2632 perite
429 2565 437 2596 ¹
451 2574 560 2625 sanetus
576 2574 668 2633 pater,
683 2565 812 2635 quidquid
829 2567 921 2624 luisset
940 2570 1028 2624 minus
1042 2569 1117 2624 eslii·
1167 2563 1319 2634 impletum.
1345 2564 1526 2621 Prusensium
1546 2566 1618 2618 enim
1641 2564 1718 2618 boum
1739 2574 1843 2619 memes
1863 2575 1959 2617 eornm

327 2655 410 2709 bitum
428 2672 437 2707 :
453 2656 574 2723 orandam
597 2655 622 2709 in
642 2655 688 2709 illo
707 2670 771 2719 sua.
790 2657 915 2723 quadam.
934 2658 1040 2714 vellebat
1057 2672 1117 2713 esse
1167 2653 1316 2719 desideria,
1336 2653 1508 2725 quibuscum
1525 2651 1677 2721 integritate
1696 2649 1961 2706 tauromenium

329 2742 438 2811 maiora.
456 2745 489 2796 lt
505 2744 558 2799 iste
572 2743 735 2813 quotidianis
753 2744 933 2814 profertibus,
947 2749 1027 2803 etiam
1042 2750 1117 2813 cum·
1168 2744 1194 2797 iu
1209 2742 1361 2808 diaconatu,
1377 2757 1392 2795 a
1407 2741 1535 2811 vigesimo
1550 2741 1692 2806 iucipiens,
1712 2750 1774 2794 octo
1796 2752 1881 2794 annos
1909 2754 1960 2795 er·

328 2832 431 2901 ‹lissimi
442 2834 468 2888 in
479 2833 601 2888 oratione
613 2833 811 2903 penitentum
828 2840 1037 2894 transcenderat.
1054 2837 1118 2897 Erat
1168 2831 1251 2901 plevis
1265 2847 1272 2884 ε
1287 2840 1314 2885 et
1337 2831 1443 2902 (paridem
1464 2839 1527 2888 turm
1547 2840 1633 2884 status
1659 2831 1785 2885 Ecclesiae
1808 2829 1961 2886 lirinensis

329 2924 400 2977 enim
413 2924 529 2995 genitor,
543 2923 619 2994 cuim
633 2938 693 2981 eum
712 2939 760 2994 per
774 2925 945 2995 branpeiium
960 2937 1116 2992 conceptum
1169 2921 1236 2976 bona
1250 2921 1408 2977 clericorum
1425 2920 1499 2988 lrugc
1514 2920 1641 2988 pollebat.
1660 2918 1742 2973 dmm
1757 2920 1883 2975 omlestes
1894 2919 1960 2984 viri,

329 3011 402 3075 verbi
417 3013 535 3081 omisssis
549 3013 651 3069 semine
675 3012 727 3073 ieta
749 3012 825 3068 alvus
839 3014 978 3087 eliuderat.
1003 3015 1069 3069 Nam
1085 3015 1119 3070 de
1168 3026 1235 3083 quos
1248 3014 1298 3069 ists
1312 3027 1326 3065 a
1341 3011 1503 3081 perles-tione
1526 3011 1655 3078 iucipiens
1670 3012 1680 3043 ¹
1693 3009 1801 3064 amabat
1815 3027 1821 3062 :
1836 3009 1886 3064 luit
1907 3008 1961 3065 su-

329 3100 453 3171 pudieitia
475 3100 579 3169 juvenis
597 3100 649 3157 mei
670 3099 735 3169 quid
759 3100 873 3170 loquarl
894 3103 921 3157 in
939 3118 992 3173 quo
1012 3105 1118 3163 domum
1170 3113 1259 3179 uester
1274 3103 1478 3158 archidiaconus
1492 3116 1523 3156 ea
1539 3108 1708 3169 tempestate,
1723 3100 1804 3154 bomo
1818 3099 1844 3154 in
1856 3107 1962 3154 vetusta

329 3193 381 3252 tibi
392 3199 524 3259 statuerat
540 3190 668 3254 castitas.
681 3199 708 3245 et
722 3193 886 3247 continentia
905 3195 1011 3252 radices
1024 3196 1153 3284 irueratc
1171 3178 1369 3265 disciplinarum
1402 3191 1578 3247 instructione
1604 3189 1808 3261 probatissimus
1819 3203 1828 3254 ς
1840 3190 1962 3244 metrosus

329 3282 356 3337 in
369 3282 545 3353 prolundumi
560 3280 650 3336 limm
662 3294 771 3344 ssesse.
785 3283 834 3338 uisi
849 3299 896 3352 per
906 3282 1119 3358 laboris'patien·
1172 3286 1322 3357 presbyter,
1345 3292 1398 3338 tam
1424 3282 1521 3337 nobilis
1543 3281 1685 3339 sanctitur
1701 3292 1790 3349 ‚urtam
1812 3276 1959 3347 mammae:

329 3370 404 3436 tiam.
419 3370 577 3445 ignorabat:
589 3384 697 3434 eamem
711 3369 818 3433 lubere,
830 3371 881 3427 n'si
891 3388 951 3427 eum
962 3374 1118 3431 moriturum
1169 3374 1261 3434 Gallus
1273 3374 1379 3443 quidem
1395 3372 1530 3441 prosapia,
1544 3370 1591 3425 sed
1602 3368 1720 3424 cmlestls
1729 3366 1852 3435 indigena
1865 3381 1874 3420 t
1886 3364 1963 3421 inere

330 3477 360 3518 se
373 3477 434 3528 esse
448 3460 627 3523 meminerat,
647 3459 792 3523 nesciebat.
814 3458 925 3527 Quoties
940 3467 1028 3514 tameo
1045 3464 1118 3518 illum
1167 3464 1213 3517 alii
1230 3471 1258 3517 et
1274 3476 1385 3516 numero
1401 3461 1493 3528 plures
1508 3467 1536 3514 et
1549 3459 1648 3513 uirtute
1666 3463 1833 3525 praestantes,
1845 3466 1962 3522 auorum

330 3564 475 3622 corporeus
498 3549 651 3619 appetitus,
674 3548 743 3608 sicut
764 3549 798 3602 ab
821 3549 879 3617 ipso
892 3548 991 3617 didici,
1013 3551 1120 3609 ludebat
1169 3552 1269 3608 idcirco
1292 3551 1360 3607 iacio
1382 3550 1566 3614 mentionem,
1587 3547 1648 3617 (ptris
1668 3559 1747 3614 parra
1767 3543 1846 3599 laude
1864 3541 1963 3611 dignus

331 3638 489 3712 imaginibus
511 3636 698 3700 somniorum,
725 3635 796 3690 illitu
821 3635 860 3696 adr
878 3635 982 3705 vigilias
1000 3647 1117 3707 sanctas,
1169 3651 1221 3707 est,
1235 3642 1280 3709 uui
1295 3648 1400 3695 tautum
1414 3638 1521 3693 miseris
1535 3635 1693 3693 antefertur.

330 3728 482 3791 continuata
502 3725 624 3795 jejunia,
650 3723 737 3785 suad
761 3725 912 3783 unumne
934 3729 1118 3784 necessitatem
1205 3728 1280 3787 Cirea
1300 3728 1380 3783 darem
1396 3737 1485 3782 tamen
1500 3725 1562 3780 uitae
1576 3738 1654 3794 quem
1679 3721 1773 3792 spirius
1795 3715 1964 3787 presidebat

332 3818 408 3887 plena
420 3816 548 3879 auiditate
565 3814 705 3880 currebm3
724 3815 857 3883 talemque
871 3815 992 3871 bellatrix
1010 3815 1120 3872 ‹lc-nera
1170 3827 1279 3877 saneim
1293 3819 1423 3882 onustes,
1442 3815 1620 3872 Mediolanum
1638 3812 1752 3868 uicinam
1773 3806 1879 3877 expetit
1892 3803 1964 3859 eiri-

332 3910 429 3975 animm
447 3907 504 3963 suls
525 3892 717 3967 certaminibus
739 3904 868 3961 reddebat
891 3920 1014 3970 cantens,
1035 3915 1063 3960 nt
1084 3908 1120 3961 ibi
1172 3918 1253 3966 tatem
1265 3949 1273 3973 ‚
1287 3907 1331 3962 ubi
1347 3905 1474 3965 nobilium
1490 3904 1609 3975 permina
1624 3914 1713 3956 messe
1727 3899 1840 3967 praedam
1855 3892 1966 3949 urendas

333 4012 399 4067 opus
407 4005 480 4055 esset
489 4003 582 4065 postea
593 3995 812 4064 proneceasitats
822 3998 954 4051 succurri.
966 3996 1020 4053 Nee
1033 4009 1120 4063 tamen
1173 3997 1340 4071 ingenuitatis
1356 4002 1540 4052 excreverant.
1561 3994 1634 4061 Quos
1649 3989 1808 4047 visitationis
1821 3985 1906 4057 pratia
1921 4000 1966 4040 re·

332 4087 431 4139 relecto
443 4082 604 4152 corpusculo
617 4081 773 4153 indulgebat
783 4082 857 4137 otio:
871 4084 998 4149 utebatur
1009 4086 1122 4145 lectione
1172 4088 1401 4158 consummabitur
1409 4086 1503 4141 tirbei
1513 4083 1683 4139 sermonibus
1692 4080 1847 4161 appellarit
1860 4097 1870 4132 r
1881 4078 1966 4143 Eece,

333 4170 502 4241 preceque,
518 4169 647 4223 librorum
663 4168 855 4239 uenerabilium
869 4186 918 4241 pro
932 4172 1123 4233 blandimentis
1173 4179 1230 4244 illii,
1243 4178 1298 4248 jam
1310 4190 1353 4233 me
1365 4185 1430 4232 asos
1441 4174 1576 4245 compellit
1588 4174 1623 4228 ad
1637 4172 1788 4228 transitum.
1803 4171 1863 4227 iam
1877 4169 1965 4240 oripi·

333 4268 508 4329 “liminii
520 4257 670 4328 iliillliflss
684 4273 691 4311 ²
707 4258 862 4319 meli-⁰¹5¹&
873 4263 955 4318 lem!
970 4273 1123 4320 inultum
1173 4271 1275 4331 mrum
1289 4268 1379 4339 adjus
1391 4283 1467 4324 suum
1483 4274 1592 4322 reuocat
1604 4274 1674 4321 terre
1696 4264 1863 4331 particulam
1879 4261 1967 4316 Com·

334 4347 460 4414 reddebat
476 4365 482 4401 :
498 4355 526 4402 et
539 4361 574 4402 ne
590 4346 746 4411 crederetur
762 4347 959 4416 seripturarum
974 4351 1125 4419 diuinarum
1174 4359 1271 4417 mendo
1285 4359 1420 4425 citimam
1432 4397 1440 4421 ‚
1454 4354 1614 4413 commendo
1629 4353 1790 4423 Ecclesiam,
1803 4353 1968 4410 commendo

334 4440 467 4510 inutilem
483 4438 623 4501 verborum
645 4440 830 4497 tantummodo
843 4442 981 4504 eoteriuu
999 4453 1123 4502 transro-
1175 4449 1263 4517 laurac,
1283 4449 1360 4519 eujus
1374 4447 1457 4505 labori
1473 4455 1501 4502 et
1515 4446 1606 4515 gratim
1621 4445 1727 4512 debeo,
1748 4446 1820 4517 quod
1832 4459 1917 4515 utque
1930 4444 1968 4502 ad

334 4532 422 4598 lilii»
440 4530 568 4603 Ρίῦιθῑιθῑ
580 4529 684 4589 illibi!
696 4528 753 4587 ‘¹15⁸
768 4531 890 4600 bisinam
909 4550 988 4602 uuam
1003 4535 1121 4605 lecisset
1138 4539 1226 4637 nlum
1240 4548 1344 4609 tempus
1356 4538 1419 4602 visi,
1432 4544 1461 4595 el
1472 4535 1630 4607 grandaevus
1643 4545 1670 4591 et
1683 4535 1790 4591 debilis.
1805 4535 1817 4567 ⁸
1830 4533 1969 4602 &sparsa

335 4623 362 4684 si
373 4624 502 4694 propbeta
514 4621 645 4683 iuiswliu
658 4621 792 4683 manibus.
803 4623 1007 4693 propbetamem
1018 4626 1124 4683 rideres
1149 4644 1152 4655 ·
1175 4628 1296 4683 solidius
1310 4636 1337 4683 et
1352 4628 1436 4683 virtus
1449 4626 1546 4682 animas
1564 4625 1774 4683 imbecillitatem
1793 4638 1881 4680 meam
1901 4640 1972 4693 por·‚

335 4714 428 4772 codice
447 4715 550 4781 amisso
567 4713 696 4771 lectorem
714 4729 720 4763 ε
736 4712 759 4766 si
773 4711 936 4771 Testamenti
961 4714 1063 4771 leteris
1081 4732 1123 4770 re·
1177 4720 1241 4779 tacit
1262 4718 1323 4775 sine
1345 4717 1452 4774 lastidiu
1468 4735 1474 4770 ι
1489 4717 1566 4784 euius
1588 4715 1721 4772 amlrulani
1746 4713 1879 4784 pedibus.-
1891 4714 1970 4775 unni

334 4804 484 4861 oerrsnissot
499 4804 644 4869 volumina,
659 4801 741 4873 lluysi
754 4801 851 4873 dignus
864 4806 1004 4869 aemulator
1018 4807 1125 4863 incede·
1177 4807 1275 4878 alimtid
1289 4808 1421 4872 breuibus,
1436 4807 1490 4862 uidi
1503 4808 1599 4873 oculis,
1614 4805 1734 4885 ordinavi
1747 4819 1872 4861 sermone
1887 4821 1894 4857 ι
1911 4804 1969 4860 dua

334 4893 404 4947 bat:
424 4893 514 4953 taliter
538 4896 615 4950 acsi
639 4893 713 4948 illum
743 4892 886 4951 israelitica
917 4912 964 4962 per
990 4894 1124 4967 desertum
1177 4896 1970 4967 uidebamurintuentibus,eumunusperconcordiamflc-

335 4984 439 5053 agmina
452 4993 643 5054 sequterentur.
657 4984 685 5040 si
696 4982 870 5053 apostolieum
888 4984 928 5038 lar.
942 4986 1085 5041 uerborum
1099 4995 1126 5042 et
1179 4999 1220 5047 ret
1242 5006 1276 5048 en
1299 4991 1412 5047 duobus.
1430 5008 1439 5041 r
1468 4989 1531 5045 llice
1549 4989 1560 5020 ⁸
1584 4989 1692 5044 ilustioo
1712 4987 1808 5042 illustri
1823 4985 1881 5041 siro
1895 4985 1970 5041 dieta

336 5072 391 5127 mel
410 5072 552 5129 dominicae
577 5071 709 5140 passionis
723 5072 893 5133 seueritatem
917 5074 982 5142 lepis
995 5075 1125 5135 condiens
1178 5083 1283 5152 poninus
1298 5081 1462 5146 inspuerunt,
1475 5082 1519 5151 qni
1535 5082 1561 5135 i„
1575 5081 1650 5142 omni
1662 5079 1766 5135 dicendi
1778 5091 1879 5149 genepe
1888 5092 1971 5133 exi-p.

373 5190 380 5220 l
405 5188 515 5245 Sanctam
537 5186 627 5258 pater]
652 5187 812 5242 basilienses
831 5194 935 5241 serretur
955 5202 1039 5255 pepe.
1055 5189 1124 5256 prrod
1169 5196 1277 5247 'nomen
1293 5192 1343 5247 boc
1362 5189 1422 5244 loeo
1440 5190 1604 5246 reddidimus
1622 5203 1630 5240 t
1651 5191 1720 5261 quod
1738 5200 1971 5249 assertanttcters

337 5260 387 5323 etsi
400 5260 426 5314 in
442 5257 501 5312 aliis
516 5256 577 5310 lerri
593 5264 693 5323 posset.
709 5256 770 5325 quia
787 5272 860 5324 papus
875 5272 970 5310 nomen
988 5257 1127 5322 utribusris
1179 5260 1353 5329 exemplaria.
1366 5270 1393 5319 et
1404 5275 1463 5329 quas
1475 5276 1535 5315 mox
1549 5272 1707 5330 sequuntur,
1720 5261 1784 5317 satis
1794 5261 1970 5324 eeulrrnaut.

338 5329 470 5399 episeopis
492 5326 614 5405 plerique
634 5326 805 5391 tribuebant,
828 5326 947 5381 Ennodio
969 5336 1126 5387 tamennon
1179 5329 1223 5382 ubi
1241 5329 1345 5451 {lenitur
1361 5341 1536 5398 ntrueupatur,

338 5398 485 5466 conuenit,
511 5411 554 5459 usn
579 5404 606 5445 ut
630 5394 661 5447 ad
687 5393 813 5458 epistulas
835 5396 994 5458 docuimus.
1018 5398 1125 5451 tunicum
1215 5400 1225 5429 r
1266 5399 1402 5463 ellandus,
1418 5400 1537 5453 anteibat.

339 5470 465 5543 liemarum
480 5466 551 5521 sedo
569 5463 720 5527 pontilicem
739 5478 834 5533 papam
857 5476 942 5519 roem.
968 5464 1034 5520 Natu
1057 5467 1128 5534 quod
1217 5468 1227 5499 ⁸
1245 5467 1390 5523 Soluntum
1406 5471 1483 5533 lloll.
1500 5471 1715 5541 eup'mcmpmm.

338 5540 420 5606 obiici
442 5546 552 5607 posset,
572 5533 749 5615 Epiplrauium
765 5548 870 5614 quoque
895 5551 989 5605 papam
1011 5537 1079 5591 inira
1101 5540 1127 5590 in
1217 5536 1228 5567 ⁸
1248 5537 1354 5593 llurtim
1369 5540 1393 5595 l.
1414 5539 1457 5609 Η
1472 5541 1521 5603 ilii,
1535 5541 1639 5609 opinor,
1655 5544 1697 5609 otri
1712 5540 1803 5607 paucis
1816 5548 1878 5595 anto
1890 5540 1971 5593 anuis

339 5608 392 5660 boc
406 5607 535 5675 opusculo
553 5604 698 5672 appellari,
716 5604 741 5657 ui
756 5602 821 5656 tubrl
841 5605 940 5674 nlllcit,
962 5606 1022 5675 quia
1040 5607 1126 5660 Eruici
1181 5608 1274 5661 consul
1291 5608 1376 5662 luerat
1397 5624 1456 5663 cum
1478 5610 1606 5690 Olybrio,
1628 5625 1700 5666 annu
1719 5611 1821 5666 scilicet
1836 5609 1898 5665 ide.
1920 5607 1972 5663 tlte

342 5676 421 5729 verba
444 5684 506 5728 snm
529 5689 587 5740 oram
610 5687 643 5727 eu
668 5674 727 5727 loco
750 5673 915 5738 recitantur.
935 5691 987 5729 nou
1004 5676 1126 5731 eontulit.
1182 5676 1308 5730 Rusticus
1331 5677 1553 5745 immolabamus,
1580 5681 1647 5733 alter
1673 5679 1768 5735 eodem
1795 5690 1916 5748 tempore
1939 5677 1972 5731 ia

340 5742 468 5810 Idemque
482 5741 609 5809 iudicium
629 5742 663 5797 de
681 5742 746 5796 l'itm
768 5742 861 5803 titolo,
882 5745 924 5798 ubi
943 5762 1008 5812 trapa
1033 5746 1128 5799 dcitur
1183 5747 1267 5800 Gallia
1283 5746 1407 5800 Rusticus
1421 5745 1628 5813 littrdipaleusis,
1643 5748 1676 5802 ad
1688 5765 1766 5818 quem
1782 5750 1875 5803 scribit
1890 5747 1971 5799 Sidu-

341 5810 507 5903 ¹Epiphanius
525 5829 529 5861 z
550 5829 611 5866 uam
629 5815 771 5869 ascititium
792 5811 904 5865 uidetur.
936 5815 1025 5883 ltaqttc
1048 5817 1128 5884 patris
1184 5818 1243 5871 uim
1256 5816 1302 5870 tib.
1319 5832 1347 5883 u,
1361 5825 1386 5870 ol
1401 5817 1432 5871 de
1448 5833 1500 5887 qttu
1516 5817 1576 5872 lietu
1591 5819 1635 5873 lib.
1654 5834 1717 5885 utut,
1732 5820 1811 5889 epist.
1827 5817 1856 5872 ll
1874 5833 1881 5871 t
1896 5815 1971 5873 sina
