4188 6258
138 351 196 407 525

139 462 220 518 Uude
232 459 406 516 subornatum
420 458 553 525 sorbetur.
568 459 636 515 bcte
647 466 753 530 negate,

140 555 276 609 Faucibus
289 552 401 611 iusuetis
415 551 524 608 ridenda
538 551 632 609 bande
645 567 788 611 reuersum.

141 647 223 701 istius
234 645 278 700 illa
291 644 350 711 ituit,
365 660 425 699 eum
438 645 543 715 signum
558 644 679 713 contigit,
694 654 770 700 aetas.

140 734 211 791 Nam
223 735 333 791 fulsisse
347 734 435 789 lerunt
450 734 528 804 buius
540 733 672 789 cunabula
686 747 783 804 niaque

139 826 269 893 Lumine,
280 822 343 882 'cum
355 833 444 881 tantus
454 826 593 881 micuisset
606 824 774 895 splendoris
787 824 842 888 illo,

140 918 266 984 Quantus
280 918 306 972 in
323 916 480 986 obsequium
496 917 579 987 putuit
594 924 649 970 tum
664 915 862 987 lunqieraetber
878 933 884 967 :

140 1010 213 1065 Cum
224 1011 316 1080 jussus
329 1009 430 1064 seruire
443 1008 512 1076 rire,
524 1009 646 1064 mortalia
660 1010 756 1080 raptim

142 1100 264 1157 Membra
280 1103 350 1156 lerat
365 1102 441 1171 lapsu
454 1099 578 1171 gradieris
593 1101 665 1156 celer
678 1101 746 1172 iguis
755 1099 871 1171 Olympi,

142 1192 325 1263 Cornipedum
338 1192 431 1262 pernis
443 1205 537 1247 cursus
552 1191 669 1247 imitatus
684 1204 824 1261 equorum.

145 1282 280 1353 Prospera
298 1296 351 1336 uun
368 1281 446 1336 aliter
466 1295 576 1351 puerum
592 1288 655 1336 tunc
669 1280 776 1336 barsuma
791 1293 934 1350 pererrans

144 1372 258 1438 Circuit,
274 1371 399 1441 illustrat,
415 1381 568 1439 reseratur,
583 1371 704 1441 suspicit,
717 1370 810 1426 ambit.

183 1465 252 1519 'lum
267 1464 378 1534 pauidus
391 1465 496 1533 qeuiter
509 1464 643 1518 submissu
658 1463 758 1517 lumine
769 1462 838 1517 latur
853 1480 860 1516 :

145 1554 258 1611 Summe
273 1555 367 1620 Deum,
379 1554 463 1609 sancti
477 1563 568 1609 cuatus
580 1553 624 1623 qui
637 1553 754 1607 culmine
767 1552 829 1608 caeli

146 1647 245 1702 bruiua
257 1647 351 1699 dextra
366 1642 441 1711 lacis,
454 1657 514 1713 quas
524 1644 611 1698 ceritis
625 1641 726 1697 lumine
736 1640 832 1698 dextro
845 1659 853 1695 ε

147 1735 225 1791 lluuc
241 1734 289 1790 tibi
300 1735 335 1790 de
348 1733 442 1802 primis
453 1742 483 1789 et
494 1732 582 1789 adlruc
594 1732 761 1802 reptantibus
774 1733 861 1800 aunis,

808 347 992 410 distribuit
1012 347 1074 404 llll.
1091 350 1116 404 l.

945 479 970 537 Α
987 464 1052 518 lium
1065 458 1213 516 madefacta
1219 458 1387 529 aureiunpit
1400 458 1533 530 plantaria
1548 460 1628 519 libre.

1719 349 1772 408 iii

982 553 1110 610 Paestanis
1121 550 1222 620 pariter
1232 550 1354 622 depingit
1366 559 1438 622 terga
1453 553 1566 619 rosetis,

981 642 1081 710 lleqius
1095 641 1192 711 agresti
1206 643 1319 695 restitus
1332 641 1435 697 murice
1448 656 1569 712 campus.

982 731 1049 788 Lilia
1065 733 1074 764 ¹
1089 745 1138 801 pru
1151 729 1242 786 nitidae
1254 730 1403 787 tunduntur
1414 731 1514 788 lumine
1527 732 1608 789 calcis
1623 751 1631 787 :

982 822 1058 878 Tunc
1074 821 1160 893 piuqit
1174 819 1269 888 viulas,
1281 820 1413 892 cptbises,
1429 823 1571 889 colocasia,
1586 826 1700 897 salibus,

981 911 1121 976 cittnama,
1137 910 1288 980 serpillum,
1302 912 1447 980 nardssus,
1463 913 1594 983 balsama,
1608 929 1709 975 costes.

982 1001 1057 1058 'lunc
1066 1001 1183 1058 redirira
1192 1002 1259 1057 serit
1270 1017 1330 1073 quac
1346 1011 1433 1073 portat
1443 1006 1562 1074 germina
1576 1007 1693 1078 pbmnia.

984 1093 1060 1150 llunc
1069 1093 1146 1165 iubet
1157 1093 1304 1151 adveniens
1317 1095 1442 1153 deminus
1455 1098 1623 1157 discumbere
1637 1117 1747 1161 serrum
1762 1119 1772 1157 a

981 1185 1082 1255 Surgit,
1098 1184 1194 1256 etipse
1206 1186 1261 1241 suis
1276 1186 1398 1244 manibus
1412 1186 1458 1243 dat
1473 1187 1574 1245 fercula
1588 1207 1700 1249 meusm.

1017 1278 1063 1336 Sic
1082 1287 1126 1334 tua
1137 1288 1179 1335 ter
1190 1278 1278 1347 denis,
1294 1280 1442 1337 animarum
1454 1283 1550 1347 culter,
1566 1284 1593 1339 iu
1608 1287 1687 1342 annia

983 1369 1079 1426 llaiaut
1092 1386 1153 1427 rura
1169 1387 1255 1440 susas,
1268 1373 1434 1444 interpellata
1448 1388 1498 1430 nee
1513 1377 1574 1431 ullis

983 1458 1137 1532 Frigoribus
1152 1462 1294 1518 marcescit
1309 1462 1415 1531 bumus,
1425 1478 1504 1534 quam
1519 1480 1584 1521 rere
1595 1467 1706 1536 perenni

983 1551 1080 1608 Servat
1095 1553 1207 1609 odoratu
1221 1556 1377 1611 meritorum
1391 1555 1493 1627 cespite
1505 1556 1610 1612 ductor.

983 1643 1085 1699 Arbuta
1099 1644 1235 1700 siccantur
1247 1647 1372 1715 quotiens
1385 1656 1428 1703 tua
1443 1661 1504 1703 rure
1519 1658 1623 1719 turpato,

985 1732 1106 1791 luiundis
1120 1734 1246 1807 iacrymis
1261 1736 1426 1807 ,cupbinum
1437 1754 1544 1809 queque
1556 1740 1677 1810 censeris
1687 1740 1741 1798 illie

145 1826 247 1882 Sancte
260 1835 344 1896 pater,
360 1840 455 1891 soree,
466 1839 545 1895 quem
559 1825 671 1881 necdum
686 1825 806 1880 cassibus
819 1825 900 1882 arctis
950 1824 975 1885 Β
987 1822 1120 1879 stercoris
1132 1825 1283 1880 immundi:
1300 1834 1363 1881 tuuc
1376 1826 1457 1882 ramis
1466 1829 1551 1899 surqit
1560 1832 1669 1900 opimis.

147 1915 222 1971 Lubr
232 1931 262 1971 ea
278 1915 391 1971 terrenis
404 1914 542 1971 innectunt
553 1915 650 1969 sucula
664 1913 761 1985 culpis.

148 2007 204 2062 Nec
216 2006 314 2061 iaciant
326 2022 334 2060 r
348 2008 393 2073 sit,
407 2018 510 2060 summe
526 2006 603 2070 [leus.
617 2004 663 2059 tibi
676 2018 775 2060 munus
786 2005 915 2075 opimum.

148 2100 212 2155 lime
222 2099 270 2163 ait,
281 2108 310 2153 et
320 2098 450 2169 iacrymas
461 2110 528 2167 quas
544 2103 667 2165 prumuut
677 2096 773 2166 qatrdla
788 2096 881 2152 fundit.

184 2188 336 2260 Crispinum
347 2189 412 2256 petit
426 2185 488 2242 iude
502 2185 601 2254 libens,
615 2201 695 2256 quem
708 2186 800 2242 dicere
810 2186 892 2256 dique

148 2279 207 2334 ileu
220 2281 300 2336 datur
313 2276 433 2349 eloquis,
448 2290 499 2332 uec
509 2276 532 2331 si
548 2276 628 2332 mudc
642 2284 733 2348 surgat
746 2278 863 2345 dumne,

148 2370 200 2437 Qui
212 2370 299 2440 putuit
312 2367 411 2438 rigidas
423 2367 457 2424 de
471 2367 581 2437 rupibus
595 2368 739 2437 Apennini,

147 2458 272 2516 Fluuiiua
284 2474 346 2514 eum
360 2466 473 2524 stareut,
486 2458 520 2514 ad
535 2459 665 2529 plectrum
678 2458 778 2516 ducere
790 2459 882 2516 sileas.

147 2551 240 2607 ilelias
253 2549 301 2605 luit
313 2550 355 2604 bic
365 2563 441 2619 mage
453 2565 461 2603 z
475 2564 536 2604 nam
546 2551 605 2621 quis
616 2549 758 2606 llelisaeum

147 2642 295 2711 linqueret
309 2641 337 2697 iu
348 2643 437 2707 terris,
448 2641 583 2712 duplicate
597 2657 709 2698 munere
724 2644 829 2712 palmae.

146 2736 264 2791 Nutrisit
278 2749 358 2805 quem
373 2735 442 2791 lacte
456 2735 510 2804 plu.
526 2735 597 2806 quod
612 2737 645 2791 ab
657 2737 738 2791 ubere
753 2737 849 2792 Paulus

148 2825 264 2892 Pressit,
278 2826 442 2896 evangelicis
456 2827 534 2897 plena
549 2836 590 2883 est
604 2828 646 2882 cui
659 2828 753 2885 dextra
768 2829 883 2901 papillis.

147 2917 238 2984 Sa3re,
254 2926 347 2974 sancte
362 2933 467 2989 pareus,
482 2933 588 2997 semper
602 2918 715 2988 salvete,
730 2923 832 2994 recepti

144 3012 265 3077 Crispini
276 3013 391 3076 cineres,
404 3011 437 3066 ad
451 3012 526 3083 cujus
539 3012 599 3082 jura
613 3013 744 3069 redundat

145 3100 282 3172 Quidquid
294 3102 320 3157 iu
335 3102 385 3157 buc
398 3101 494 3157 Cbristi
506 3103 634 3161 miramur
644 3103 768 3175 dogmate
782 3104 900 3176 dignum.

185 3191 225 3247 'l'u
237 3193 307 3248 bene
319 3194 503 3248 transmissum
515 3194 563 3249 tibi
576 3209 693 3275 censum
705 3196 825 3265 possides
839 3197 936 3254 barres.
951 3190 974 3254 C

149 3283 203 3338 lies
217 3297 271 3338 uun
291 3298 374 3355 parra
389 3283 468 3339 ducet
477 3285 618 3355 triplicatis
629 3287 720 3356 iuncta
733 3288 847 3344 talentis

150 3373 283 3429 Monstrat
296 3374 330 3429 ab
343 3375 446 3433 occidui
460 3383 612 3432 resecatum
629 3379 747 3446 partibus
762 3379 834 3435 urbis

150 3466 227 3534 Quod
241 3467 353 3536 supplex
368 3478 473 3536 mptum
489 3469 635 3524 transistisit
649 3469 732 3525 Gallia
745 3472 847 3543 vulqus,

150 3556 239 3612 Effera
255 3569 281 3613 te
293 3557 350 3612 risu
362 3557 510 3615 didicerunt
522 3568 629 3630 pectora
644 3559 726 3626 decii,

151 3649 291 3702 brmatum
302 3649 425 3717 precibus
437 3651 579 3719 superasti,
591 3651 716 3718 manime,
731 3665 833 3720 regem.

152 3738 198 3794 Sic
208 3754 314 3810 pugnas
330 3739 433 3810 qlailius
446 3741 569 3796 ebtuudt
584 3741 696 3797 cerbere
709 3742 815 3812 linqua,

152 3831 197 3886 δὴ
209 3831 311 3887 lcrrum
324 3840 458 3903 expugnat
469 3832 611 3889 verberum
625 3834 720 3888 lamina
732 3834 818 3890 luctis.

186 3923 252 3978 llam
267 3925 290 3979 si
302 3923 378 3978 tanda
391 3923 489 3990 lerunt,
500 3926 603 3980 sociant
616 3926 659 3995 qui
675 3926 791 3981 maxima
807 3929 916 3998 parvis,

153 4015 196 4071 Sis
209 4016 351 4071 Douriuum
365 4025 503 4087 exspectat
517 4016 653 4075 domitatis
668 4019 774 4075 villicus
787 4022 868 4084 arvis,

152 4107 218 4164 Cum
230 4110 300 4165 berre
315 4110 431 4165 mellitos
444 4111 545 4166 incurri
558 4110 637 4167 deute
652 4110 748 4181 tiponts

153 4201 253 4258 Scribit
267 4218 355 4272 aprus,
372 4202 520 4273 laciemque
533 4203 582 4259 soli
596 4205 635 4259 sic
650 4204 731 4272 pectit
746 4206 852 4272 aratris,

153 4292 188 4349 Ut
200 4304 309 4363 spumet
323 4292 408 4361 plenis
418 4309 530 4349 currens
542 4293 675 4349 vindemia
690 4294 782 4350 labris.

154 4384 251 4439 luserit
261 4392 387 4439 eatcrnas
403 4384 542 4455 peregriua
557 4385 583 4439 iu
597 4385 698 4453 cuspite
713 4384 826 4454 plautas.

153 4472 263 4529 Adren'a
276 4472 426 4542 cuujtrnctis
439 4475 555 4530 sociatur
568 4475 681 4530 retibus
695 4474 786 4541 arbor,

153 4566 323 4623 Truneantur
335 4568 444 4638 stirpes,
457 4568 608 4623 demessum
622 4566 689 4622 lalcc
698 4566 804 4622 utaritat

155 4658 319 4733 virgultum,
333 4668 426 4717 tenere
438 4660 538 4732 lipnum
552 4661 689 4716 mordetur
703 4660 787 4723 biatu,

154 4751 284 4810 Germiue
298 4751 422 4809 nobilitas
433 4752 570 4823 consurgit
583 4766 637 4807 nun
651 4765 698 4807 sua
713 4765 805 4821 parre,

154 4848 286 4905 Surcu'us
300 4847 362 4917 ique
373 4861 391 4902 n
404 4845 529 4903 coalescit
544 4859 653 4901 munere
663 4844 748 4910 dites,

189 4960 198 4990 ¹
213 4957 287 5011 lilia
298 4972 345 5025 pru
362 4956 451 5011 nitide
462 4956 606 5028 fundantur
616 4954 713 5010 instinc
722 4950 811 5023 sulcis]
825 4952 943 5006 llic-turus

154 5028 253 5082 tabulis
268 5042 334 5097 quas
349 5029 457 5094 picturae
470 5035 579 5095 aptant,
592 5026 708 5081 colerem
725 5025 810 5094 primu
824 5023 939 5091 aliquem

154 5097 281 5163 illinunt,
304 5112 382 5162 quem
402 5112 524 5165 campum
542 5107 649 5153 secant.
672 5096 699 5149 ln
721 5094 863 5148 rusticanis
879 5106 943 5146 scre

153 5168 267 5232 picturis
296 5180 357 5236 qum
380 5167 525 5235 parietibus
550 5168 727 5225 inducuntur,
749 5165 806 5218 cala
831 5163 887 5231 ipsa
915 5167 944 5215 ct

155 5248 207 5292 tect
226 5239 298 5292 rium
309 5236 586 5307 emmerammum
599 5237 730 5301 ipiturest
739 5235 809 5304 quud
823 5232 849 5287 iu
865 5231 944 5287 burte

153 5320 203 5362 suu
225 5307 302 5375 lingit
321 5305 471 5374 bnuudius,
493 5322 539 5375 pru
553 5307 667 5361 tecturiu
683 5313 710 5359 et
726 5306 836 5373 pictura·
849 5316 944 5372 campa

154 5376 238 5432 tuine
253 5375 325 5442 lilia,
341 5376 517 5442 procelosum
531 5376 674 5445 piqmeutis
689 5375 806 5445 reliquus
821 5372 943 5429 diverse·

154 5459 213 5500 rum
226 5460 356 5510 uenenum
369 5445 542 5512 celerumque
551 5447 641 5501 liures.

188 5517 200 5549 ¹
216 5515 336 5587 lipsium
347 5513 514 5589 vespertinus]
529 5516 579 5582 Qui
598 5514 742 5569 i'rtrdentio
756 5521 797 5569 eet
809 5513 844 5566 ml
852 5513 942 5566 incen-

153 5602 209 5641 rarm
224 5589 349 5641 laenate.
364 5584 491 5641 Siceuim
512 5588 538 5639 in
557 5584 666 5653 optimis
685 5583 883 5653 exemplaribus
902 5583 943 5637 iu·

153 5657 284 5713 scribitur
305 5654 446 5728 bymnusb
459 5655 677 5722 Catluemerinuu,
700 5654 746 5721 qui
766 5654 886 5721 ejiasdem
901 5663 943 5708 est

152 5726 302 5797 arprrmeuti
322 5743 329 5778 :
348 5741 402 5782 nou
420 5734 448 5780 ut
465 5726 600 5795 vulgatum
612 5733 673 5791 est,
689 5723 729 5778 ild
738 5723 867 5776 incensatus
880 5723 944 5777 cerei

154 5797 294 5864 mudule.
311 5795 387 5854 llnde
400 5805 428 5853 et
442 5795 631 5853 buceruartum
641 5794 766 5853 dicebaut
778 5792 944 5863 vespertina·

986 1914 1054 1970 Tum
1069 1915 1182 1972 incunda
1195 1915 1251 1973 buc
1264 1921 1391 1976 nascendi
1404 1920 1464 1990 iura
1478 1932 1622 1993 superstat.

1021 2008 1134 2079 Suscipc
1144 2024 1215 2064 nuuc
1228 2009 1333 2077 dexter,
1348 2013 1411 2067 ritu
1422 2013 1466 2068 lus
1482 2027 1563 2069 aurea
1579 2024 1687 2082 uestrae,

938 2136 942 2141 ·
986 2098 1088 2155 Gaudia
1104 2115 1163 2170 qum
1176 2100 1278 2156 iaciunt
1297 2103 1430 2158 modicum
1445 2105 1493 2159 tibi
1516 2120 1639 2174 premere
1655 2122 1775 2165 carmen.

985 2187 1052 2243 Cum
1065 2204 1124 2244 mea
1136 2200 1198 2244 ruta
1215 2191 1285 2247 beus
1299 2190 1454 2262 produxerit
1464 2196 1560 2249 urdine
1570 2206 1660 2267 cepto,

987 2279 1102 2336 Fulscrit
1116 2290 1143 2336 et
1157 2281 1252 2337 decilis
1267 2297 1346 2351 quem
1357 2283 1458 2354 plantat
1469 2284 1578 2340 dextera
1590 2287 1705 2355 palmcs;

987 2370 1084 2427 Debita
1100 2381 1281 2442 postremum
1293 2372 1405 2430 reddam
1420 2374 1468 2430 tibi
1480 2375 1573 2431 lurtias
1586 2391 1681 2432 anuos.

987 2460 1027 2516 Eu
1036 2462 1116 2517 statui
1129 2462 1305 2533 quodcunque
1319 2463 1364 2520 tibi
1379 2479 1450 2520 nunc
1462 2466 1583 2536 scalpere
1593 2481 1721 2534 carmeu;

987 2556 1241 2630 dinoscuntur,
1258 2569 1345 2631 pater,
1356 2559 1427 2631 qued
1442 2562 1534 2617 nexuit
1548 2563 1628 2619 arctis

988 2646 1097 2705 bitersa
1113 2650 1161 2705 sub
1179 2650 1265 2706 irunte
1280 2650 1368 2706 medis
1382 2650 1424 2706 lea
1435 2651 1555 2721 proxima
1568 2666 1665 2723 pmnte,

989 2736 1106 2807 Usquam
1118 2754 1153 2796 ue
1167 2740 1246 2796 fallax
1261 2748 1378 2796 mutaret
1390 2740 1504 2812 syllaba.
1516 2741 1587 2800 biri.

1367 2829 1403 2886 x.

1216 2924 1340 2978 'usurus
1358 2938 1545 2981 rssrenrrsus.

1093 3009 1221 3081 Nigrunte
1234 3021 1331 3069 tectam
1343 3013 1425 3083 pallio

1094 3103 1154 3162 iam
1168 3114 1237 3160 terra
1253 3119 1357 3161 nectem
1372 3106 1494 3177 suscipit.

1094 3193 1131 3252 tit
1143 3194 1202 3251 sisa
1216 3195 1287 3251 dulci
1301 3194 1395 3253 iuuere

1094 3284 1322 3342 lleueuralescaut
1332 3302 1455 3359 corpora.

1095 3376 1189 3433 llurtis
1200 3376 1283 3448 liquru
1299 3377 1423 3433 blandior

1097 3466 1207 3521 llustum
1222 3469 1327 3537 superis
1341 3468 1477 3536 admouet,

1096 3558 1198 3614 dubelu
1215 3559 1280 3616 lucis
1290 3561 1401 3617 aestibus

1097 3649 1165 3705 llum
1178 3665 1255 3705 meus
1270 3652 1382 3720 tepescit
1396 3652 1462 3707 etis.

1098 3744 1166 3812 bur,
1180 3744 1295 3810 Clariste,
1310 3745 1376 3812 rita,
1391 3746 1499 3812 veritas,

1095 3834 1136 3894 Ne
1150 3839 1221 3890 lusca
1236 3837 1324 3891 sumni
1340 3846 1474 3907 tempora,

1100 3926 1190 3982 'letris
1205 3936 1295 3998 parata
1306 3928 1477 3992 umbraculis,

1097 4019 1192 4076 Nesad
1207 4022 1332 4077 tenebras
1345 4028 1470 4077 evocent.

1096 4109 1153 4165 Nus
1170 4112 1240 4167 nullu
1252 4127 1303 4169 nus
1317 4111 1413 4168 subdat
1427 4112 1489 4180 sibi,

1099 4200 1127 4255 ln
1139 4203 1226 4256 noctis
1239 4211 1305 4256 atrae
1319 4204 1446 4273 teqmiue,

1098 4290 1151 4346 Sed
1167 4305 1216 4347 uec
1229 4292 1325 4347 caloris
1335 4292 1404 4348 ebrii

1098 4381 1208 4436 blentitu
1223 4381 1313 4452 pispir
1326 4398 1450 4456 curpura,

1098 4472 1197 4528 Verum
1217 4483 1319 4529 reatum
1333 4476 1432 4531 areseiis

1101 4563 1173 4619 istst
1187 4563 1342 4621 ministrans
1352 4566 1481 4623 criminis.

1100 4655 1140 4710 'iu
1156 4671 1203 4724 per
1213 4655 1311 4727 quietis
1322 4667 1431 4713 munera

1101 4747 1425 4820 as-istccustuspcrripil.

1103 4835 1190 4891 llestis
1205 4838 1297 4905 procul
1310 4840 1346 4893 sit
1356 4838 1467 4895 callidus
1482 4855 1490 4896 ι

996 4967 1054 5003 rum
1078 4964 1185 5016 precum
1205 4951 1338 5018 cilicium,
1361 4951 1430 5020 quud
1457 4966 1570 5022 uespere
1583 4963 1611 5008 et
1624 4954 1732 5023 quando
1747 4957 1786 5010 lr-

996 5035 1010 5074 e
1029 5035 1089 5073 ruas
1102 5020 1211 5073 accendi
1228 5038 1286 5076 taius
1297 5035 1351 5085 cst,
1367 5037 1462 5077 occaso
1475 5023 1600 5079 rtirrtirttm
1612 5030 1679 5091 sule,
1697 5032 1786 5095 perusi

996 5091 1104 5145 colret.
1120 5090 1213 5145 lirinis
1230 5106 1329 5146 essessa
1343 5093 1457 5159 appellat
1472 5093 1500 5150 S.
1515 5094 1672 5151 erubrusius
1696 5098 1741 5152 lib.
1760 5115 1786 5153 ru

997 5160 1030 5215 de
1043 5160 1195 5231 Virginibus
1210 5179 1217 5213 ι
1232 5161 1304 5215 Certe
1317 5164 1440 5217 solemur
1465 5165 1592 5220 orationes
1611 5183 1669 5220 cum
1689 5173 1784 5237 prunin-

996 5245 1054 5284 rrun
1069 5234 1170 5285 actiurte
1181 5240 1241 5284 runt
1254 5230 1414 5300 deferende,
1434 5249 1492 5286 cum
1511 5251 1525 5289 e
1543 5251 1634 5291 auurrm
1648 5239 1784 5304 turpinum.

998 5316 1054 5353 cttrrt
1064 5302 1205 5370 prodimur,
1217 5316 1273 5353 carm
1281 5301 1362 5379 cibans
1373 5305 1507 5368 surniurua,
1519 5321 1576 5358 curu
1592 5310 1784 5375 resipiscimus,

999 5381 1022 5425 rt
1042 5370 1106 5425 itera
1120 5371 1217 5423 iuceuai
1234 5384 1243 5423 .·
1259 5387 1317 5423 cum
1334 5374 1442 5443 deuiqate
1458 5376 1570 5428 cubicum
1593 5394 1654 5445 perp
1666 5391 1730 5426 rrius.
1751 5375 1787 5427 tte

996 5441 1102 5511 layuuais
1122 5454 1203 5510 petru
1222 5441 1267 5509 qui
1280 5456 1437 5512 sequuntur,
1453 5448 1503 5499 etsi
1519 5446 1589 5567 ιιῖΙο
1601 5456 1627 5499 ct
1642 5446 1721 5513 getii·
1736 5459 1782 5494 au-

995 5522 1095 5566 cturem
1116 5512 1180 5565 satis
1205 5510 1319 5578 pruduut
1340 5513 1505 5577 Errnudium‚
1527 5524 1637 5568 ateraut
1662 5522 1750 5566 tamen
1771 5528 1784 5567 a

996 5580 1196 5648 triatauscrlptis,
1217 5597 1328 5652 quorum
1341 5600 1392 5652 cipe
1407 5583 1465 5638 ulai
1489 5598 1590 5637 sumus.
1612 5583 1702 5650 Quare
1724 5598 1784 5635 cum

995 5652 1097 5719 reliqua
1113 5663 1185 5705 esset
1204 5656 1365 5717 cutajccturae
1384 5654 1529 5719 diuinatio,
1550 5653 1595 5719 qui
1617 5654 1722 5720 parcius
1747 5654 1783 5707 uti

996 5722 1083 5787 libuit,
1099 5736 1178 5791 pauca
1193 5737 1277 5791 cuque
1292 5731 1381 5792 upcrta
1397 5730 1424 5777 ct
1438 5721 1514 5776 ebria
1529 5723 1701 5777 mutavimus.
