4198 6250
680 364 684 371 ’
792 374 808 391 “’
825 370 869 427 DE
889 326 1012 432 hustet
1034 376 1097 435 Lib.
1119 380 1161 437 tu.
1191 430 1196 437 .

1701 426 1706 433 ·
1742 397 1812 454 iiii

1023 581 1125 639 channa
1135 583 1260 642 diatonici
1270 598 1298 643 et
1310 589 1479 658 chromatici,
1492 594 1593 651 triteet
1604 594 1751 666 parhypate
1760 595 1811 655 ei·

1023 672 1180 731 harmonici.
1196 678 1262 734 Alia
1277 688 1320 735 est
1330 683 1411 755 ‚euim
1422 694 1548 753 paranete
1560 684 1740 757 hyperboleon
1751 689 1810 745 dia·

1024 770 1115 829 tonos,
1136 766 1188 821 alia
1202 780 1329 849 paranete
1343 771 1527 841 hyperboleon
1542 774 1717 847 ⁴chromatica
1726 817 1746 844 „
1757 780 1810 837 alia

1022 849 1435 921 ltriteeuhamreuios.iiitersm
1448 874 1510 920 suni
1523 867 1602 921 etiarn
1618 869 1810 936 paranetedie·

1021 956 1187 1015 aetrgnreuou
1198 946 1332 1030 diatonos,
1340 998 1346 1013 ,
1355 954 1629 1021 atquechrornatiea„
1642 955 1809 1017 Nocestea·

1014 1034 1743 1115 ‚demqueiugeueribusoaeteristritediezeugmenon
1758 1064 1808 1104 cu·
1844 1114 1849 1121 ,

1021 1127 1186 1198 harmonion,
1213 1148 1301 1203 neque
1315 1134 1417 1203 eadem
1432 1145 1494 1191 sunt
1509 1145 1636 1206 paranete
1657 1153 1821 1213 synemme·
1862 1180 1864 1183 -

1011 1219 1212 1283 mhuzdiatooos
1225 1232 1253 1279 et
1276 1223 1439 1281 chromatica
1453 1234 1465 1263 ι
1480 1237 1507 1283 ει
1529 1228 1593 1283 trite
1616 1243 1809 1297 synemmenon

1019 1310 1231 1381 enharmonios,
1258 1313 1300 1369 his
1319 1316 1364 1396 qui
1390 1326 1453 1385 sunt
1472 1317 1512 1377 in,
1529 1317 1640 1385 rahonis
1666 1321 1808 1388 generibus

1019 1400 1090 1455 trite.
1104 1400 1211 1481 Distaut
1228 1404 1308 1459 etism
1323 1405 1452 1475 lychanos
1471 1422 1566 1463 meson
1580 1406 1706 1464 diatonos
1730 1419 1757 1465 ει
1768 1410 1808 1480 iy-

1018 1486 1120 1544 chanos
1134 1506 1227 1573 meson
1241 1494 1416 1577 chromatice,
1433 1494 1443 1533 ¹
1458 1505 1486 1551 ει
1499 1497 1646 1568 parhypate
1659 1514 1807 1571 mesopen-

965 1600 973 1626 τ
1019 1580 1173 1638 harmonion
1188 1572 1264 1669 ‘nulli
1284 1570 1395 1642 atio'rnm
1408 1601 1534 1658 generum
1549 1589 1695 1660 parhypate
1710 1591 1807 1662 similis

1018 1659 1230 1741 itrrenitur‘ssNec
1241 1675 1351 1755 eosdem
1366 1664 1441 1745 lo'cos
1454 1692 1486 1733 ac
1501 1685 1626 1734 numeros
1641 1689 1748 1735 servant
1764 1681 1805 1752 ly·

967 1792 970 1801 ·
1017 1762 1118 1831 chartus
1131 1763 1248 1835 hypaton
1270 1765 1394 1822 diatonos
1408 1775 1436 1822 et
1452 1767 1581 1838 lychanos
1594 1756 1711 1840 hypaton
1726 1767 1806 1824 chro-

481 1933 594 1992 curua
612 1933 658 1990 iil.

287 2042 367 2143 ‘hetin
380 2040 642 2140 superias⁵diapositoe
662 2067 849 2143 descriptionis.

213 2176 241 2234 ln
255 2154 401 2248 superiore
411 2152 492 2248 igilur
519 2176 603 2257 lorma
616 2158 722 2233 obtinet
744 2172 851 2253 quidem
866 2188 969 2251 conseq

176 2272 294 2337 nautium
305 2270 433 2341 diapason
446 2269 728 2344 proslambanomenos
737 2267 771 2323 ad
781 2281 883 2335 mesen,
892 2281 966 2323 mese

176 2449 460 2519 proslambanomenos
478 2450 511 2504 ad
525 2457 607 2527 neten
621 2448 816 2523 hyperboleon.
832 2447 966 2503 hiatessa·
1021 2490 1026 2497 .

176 2556 229 2605 ron,
246 2549 334 2596 autem
348 2539 551 2597 consonantiam
577 2528 912 2610 servatttypan'hypatnn
931 2538 965 2607 ad

177 2634 293 2705 hypaten
314 2647 419 2689 meson.
434 2633 537 2704 llypate
558 2646 651 2699 meson
663 2631 697 2687 ad
712 2646 805 2687 mesen
820 2616 917 2694 mese,
930 2630 964 2685 ad

178 2736 257 2782 neten
272 2738 479 2795 synemmenon,
502 2737 641 2793 paramese
653 2721 688 2777 ad
708 2730 786 2777 neten
796 2721 965 2790 diezeugme-

176 2804 316 2885 nomnete
331 2815 539 2886 diezeugmenon
557 2811 590 2868 ad
601 2821 686 2879 ¹neten
696 2810 891 2885 hyperboleon.
916 2810 966 2875 Δι-Ι

177 2923 230 2975 nire
244 2907 294 2962 hoc
317 2906 352 2963 ita
368 2914 382 2943 ⁸
398 2906 436 2973 ht,
462 2904 543 2961 uthis
555 2898 739 2973 consonantiis
760 2902 862 2972 integra
885 2911 966 2971 tetra,

177 2996 278 3065 etiarm
294 3011 476 3069 numeremus.
507 2996 596 3064 Atque
611 3002 640 3048 ut
653 2993 752 3047 clarius
766 2993 855 3067 omnis
871 2992 898 3047 in
916 2991 967 3049 hae

156 3069 263 3155 'lorma
277 3087 291 3127 δ
306 3089 464 3158 respiciatur
485 3085 553 3142 ordo
575 3099 734 3150 neruorum,
756 3084 902 3139 seeundum
914 3092 965 3140 trra

176 3193 276 3248 genera
289 3180 306 3235 5
318 3176 419 3235 tantuni
433 3185 559 3233 notantur
574 3190 634 3231 esse
649 3175 828 3239 tetrachorda.
846 3175 964 3233 Primum

176 3256 256 3340 atque
265 3269 450 3341 gravissimum
475 3268 605 3339 hypaton,
619 3268 697 3337 cujus
715 3277 757 3341 esi
772 3268 896 3336 princeps
917 3266 967 3343 hy·¹

106 3348 110 3356 ’
178 3368 238 3426 pute
252 3356 381 3428 hypaton,
396 3355 489 3411 ultima
515 3365 604 3411 autem
629 3355 847 3426 hypatemeson,
871 3369 967 3411 secuu-

176 3430 243 3501 dnm'
251 3462 317 3503 nero
332 3461 425 3503 meson
441 3447 518 3516 eujus
538 3454 580 3527 est
600 3446 723 3515 princeps
738 3432 837 3516 hypate
860 3460 965 3513 meson,

177 3550 297 3597 extrema
310 3555 373 3596 reru
384 3555 468 3599 mese.
484 3539 603 3594 Tertium
617 3552 824 3612 synemmenon,
836 3538 912 3608 cujus
926 3548 967 3594 est

177 3632 302 3701 princeps
322 3645 407 3696 mese,
425 3630 519 3701 ‚finialis
532 3639 813 3700 netesynemmenon.
832 3626 966 3693 ,Quartum

176 3720 397 3790 diezeugmenon,
411 3720 488 3788 eujus
500 3728 542 3775 εει
558 3728 570 3757 ⁶
586 3719 671 3789 prima
683 3731 832 3786 paramese,
847 3726 968 3771 uetere·

177 3823 208 3865 ro
218 3808 431 3879 diezeugmenon
441 3819 574 3865 extrema.
586 3806 723 3873 ,Quintum
735 3819 798 3860 uero
811 3812 854 3860 est
868 3805 966 3879 hyper-

176 3900 273 3957 boleon
283 3900 360 3971 cuius
373 3910 414 3963 est
424 3898 531 3971 quidem
539 3898 663 3969 princeps
674 3884 966 3967 nerediezeugmenon,

176 3988 211 4048 ad
224 3998 303 4046 neten
317 4004 381 4059 uero
396 3989 578 4066 hyperboleon
592 3986 751 4046 terminatur
764 3994 895 4051 extrema.
954 4046 958 4055 ,

410 4120 414 4127 ’
475 4135 587 4192 curor
606 4135 663 4192 nrt.

270 4252 274 4259 '
298 4216 305 4229 Ι
327 4250 366 4305 De
377 4222 500 4306 stnrrtihna
515 4259 538 4304 et
558 4248 692 4304 mobilibus
703 4248 823 4319 uocibus.¹

213 4362 311 4417 flamm
331 4375 397 4417 nero
420 4361 538 4423 omnium
561 4375 657 4416 nucum
681 4362 776 4431 partim
795 4361 901 4416 suntin
924 4370 966 4416 to·

178 4459 233 4506 tum
243 4448 406 4518 immobiles,
422 4451 557 4521 partimin
573 4459 658 4506 totum
671 4452 795 4516 mobiles,
812 4452 967 4518 partimve·

163 4555 207 4597 .rn
219 4556 268 4597 nec
292 4544 318 4597 in
332 4552 417 4599 totum
446 4541 607 4602 immobiles.
637 4555 687 4595 nec
700 4539 726 4594 in
743 4548 825 4595 totum
840 4539 961 4617 mobiles.
977 4559 1004 4620 D

174 4632 203 4687 ln
215 4640 300 4688 tntum
313 4632 463 4691 immobiles
479 4641 542 4688 aunt
555 4620 849 4702 proslambanomenos,
865 4629 963 4699 hypate

174 4723 428 4794 hypatum-hypate
443 4738 546 4789 meson,
567 4736 658 4788 mese,
672 4730 735 4775 nete
759 4732 961 4790 synemmenon,

174 4827 322 4882 paramese,
331 4823 396 4879 pete
405 4814 626 4884 diezeugmenon,
639 4819 700 4866 nete
712 4810 903 4883 hyperboleon.
920 4810 962 4865 ld-

171 4908 246 4964 circo
260 4908 385 4979 quoniam
400 4911 427 4964 in
442 4908 565 4966 omuibus
590 4908 675 4962 tribus
695 4904 838 4976 generibus
858 4904 960 4960 cardum

172 5008 247 5065 sunt,
259 5015 308 5055 nec
324 5000 430 5055 nomina
445 5013 496 5056 nee
510 4999 568 5055 ioca
591 5005 784 5067 permutantes,
798 4995 855 5052 sine
869 5004 962 5064 ponta-

170 5090 295 5157 ⁰¹¹⁰ld¹a
321 5106 379 5147 Μ
400 5088 568 5149 ⁸⁸¹m⁰¹¹⁰¹d³
588 5094 752 5144 ‘munem‘
779 5085 960 5159 mem?
1008 5116 1189 5202 ‘enharmonio
1204 5142 1352 5214 reperitur:
1367 5143 1433 5210 Qum
1446 5151 1535 5199 autem
1557 5144 1706 5216 parhypate
1719 5143 1804 5215 hypa-

168 5181 277 5248 nuidem
296 5190 325 5238 ut
353 5180 636 5251 proslambanomenos
657 5178 691 5234 ad
717 5178 833 5249 hypaten
855 5192 960 5242 meson,

906 1878 910 1885 ·
929 1874 932 1883 ·
981 1844 1005 1907 B
1019 1842 1154 1943 mallim
1168 1843 1525 1941 Naniparhypat'ebypatou
1541 1858 1729 1941 enharmonios
1740 1859 1806 1914 alio-

965 1956 969 1975 t
1016 1940 1075 2021 r'nm
1099 1956 1227 2029 generum
1251 1944 1405 2016 parhypatis
1425 1938 1633 2021 τεμειίιυιεεεέ
1646 1947 1804 2017 dissimilis.

1016 2031 1074 2087 Non
1089 2034 1115 2088 in
1132 2024 1292 2091 totum'rcr'o
1302 2022 1452 2093 immobiles
1465 2047 1512 2094 aut
1525 2040 1638 2095 mobiles
1656 2048 1729 2109 sunt,
1745 2052 1805 2109 quae

863 2140 866 2149 ⁴
917 2140 920 2149 ⁴
966 2156 970 2169 .
1016 2121 1042 2178 in
1069 2116 1172 2180 duobus
1191 2112 1298 2196 quidem
1320 2128 1464 2211 generibus
1486 2137 1605 2196 ntaneut,
1627 2129 1657 2207 id
1673 2128 1804 2211 estchrn·

1016 2215 1113 2271 saratico
1126 2224 1154 2273 ει
1167 2208 1327 2297 diatonico,
1344 2219 1439 2305 sedin
1454 2221 1630 2277 enharmonio
1652 2228 1804 2289 permutan-

175 2368 265 2415 ,uwm
285 2360 318 2414 ,d
340 2371 436 2431 'mn'
454 2360 647 2431 hyperboleon·
670 2359 713 2413 Bis
726 2357 858 2427 diapason
876 2332 969 2429 mem:
1017 2300 1074 2397 tur.
1102 2306 1130 2362 ld
1143 2315 1232 2363 autem
1256 2309 1295 2364 sie
1314 2298 1512 2385 consideratur
1525 2309 1587 2366 trite
1611 2310 1804 2381 hyperboleon,

1016 2392 1156 2479 diatonos,
1168 2394 1197 2454 ει
1207 2390 1273 2469 ¹t'rite
1286 2388 1471 2475 hyperboleon
1483 2401 1648 2479 chromatice
1659 2390 1752 2458 eadem
1777 2404 1804 2455 in

1016 2478 1148 2558 superiori
1176 2490 1262 2546 iorma
1283 2478 1416 2562 descripta
1437 2501 1500 2560 est,
1523 2491 1655 2549 hhisdem
1684 2493 1804 2547 numeris

1015 2574 1097 2638 2829.
1111 2575 1113 2581 ’
1126 2584 1160 2637 Αι
1170 2650 1173 2655 Ι
1183 2576 1249 2638 iero
1262 2597 1323 2637 curn
1338 2572 1542 2659 enharmonium
1562 2580 1645 2654 genus
1664 2580 1814 2651 aspicimus*

1017 2662 1103 2728 iriten'
1115 2666 1195 2729 aliam
1207 2665 1379 2744 reperimus,
1400 2666 1430 2729 id
1439 2684 1480 2729 εει
1490 2673 1574 2729 29¹6:
1585 2674 1650 2741 Qrtae
1665 2675 1805 2747 igiturroa

1017 2761 1187 2836 duabusvluit
1206 2758 1350 2837 generibus
1371 2756 1536 2843 communis,
1560 2764 1653 2818 eadem
1675 2763 1701 2817 in
1728 2761 1806 2843 tertio

1017 2861 1223 2929 permutataest.
1238 2853 1310 2908 idem
1322 2863 1395 2909 estet
1406 2853 1433 2907 in
1441 2854 1647 2924 diezeugmenon
1659 2853 1805 2929 tetrachor«

1017 2943 1063 3000 do.
1088 2928 1231 3001 han'triie
1249 2932 1464 3014 ,diezeugmenon
1480 2945 1603 2999 diatonos
1627 2954 1655 3000 et
1675 2944 1735 2999 trite
1748 2928 1806 2997 die-

941 3062 960 3095 ,·
1017 3020 1182 3107 acugmenon
1212 3033 1377 3090 chromatica
1402 3035 1504 3090 eandem
1520 3041 1599 3103 suni,
1614 3034 1718 3105 sibique
1742 3045 1806 3088 con·

1017 3120 1164 3192 sentiunt,
1179 3126 1240 3181 trite
1253 3137 1343 3182 autem
1358 3125 1569 3201 diezeugmenon
1584 3110 1805 3180 enharmoniosa

980 3205 1003 3267 C
1021 3213 1029 3253 ¹
1046 3202 1299 3285 superiore'distat',
1328 3218 1356 3271 in
1369 3218 1551 3289 synemmenis
1574 3217 1654 3273 ctiam
1667 3217 1739 3274 idem
1753 3225 1806 3273 est.

1019 3306 1094 3362 Trite
1106 3307 1178 3362 cuim
1195 3322 1388 3378 synemmenon
1401 3306 1523 3364 diatonos
1537 3318 1564 3379 et
1577 3307 1638 3364 trite
1654 3322 1806 3380 synemme-

958 3432 961 3439 ι
1017 3410 1071 3454 unu
1086 3399 1254 3456 chromatice
1269 3399 1452 3456 eaedemsunt.
1465 3400 1519 3456 Sed
1534 3402 1597 3457 trite
1611 3416 1806 3473 synemmenon

1017 3489 1206 3547 'enharmonios
1217 3480 1259 3546 est
1273 3489 1388 3545 diversa.
1403 3490 1469 3564 item
1484 3490 1738 3563 parhypatemeson
1754 3492 1807 3548 dia·

1018 3589 1112 3649 tonos,
1126 3592 1153 3636 et
1174 3582 1430 3653 parhypatemeson
1455 3581 1618 3639 chromatica
1632 3582 1735 3638 eadem
1758 3568 1807 3637 no·
1867 3586 1870 3593 '

1018 3663 1116 3727 tantur.
1132 3672 1184 3728 Sed
1197 3675 1224 3729 in
1236 3672 1411 3729 enharmonio
1417 3687 1516 3743 genere
1523 3668 1720 3744 sicutsuperins
1733 3674 1807 3738 trite,

1017 3762 1053 3817 ita
1068 3762 1112 3817 hie
1127 3761 1274 3835 parhypate
1289 3763 1365 3833 juata
1386 3763 1394 3813 l
1413 3752 1526 3834 hypates
1540 3758 1632 3818 meson
1643 3750 1750 3831 guidem
1763 3763 1806 3816 in·

1016 3852 1175 3920 renduntur,
1190 3853 1217 3907 ri
1243 3862 1332 3909 autem
1353 3867 1385 3908 ac
1404 3854 1464 3909 soni
1481 3854 1604 3908 acumine
1618 3852 1732 3915 dirersm
1746 3861 1807 3910 sunt
1897 3850 1900 3859 '

1017 3944 1138 4002 caeteris:
1150 3945 1253 4001 Rursus
1269 3936 1417 4017 parhypate
1436 3945 1552 4017 hypaton
1566 3945 1689 4000 diatonos
1703 3954 1731 4000 ει
1745 3946 1807 4014 par·

1018 4035 1117 4108 hypate
1131 4037 1248 4108 hypaton
1264 4037 1427 4093 chromatica
1441 4037 1535 4093 eadem
1555 4046 1605 4093 est.
1629 4035 1683 4091 sed
1695 4052 1748 4091 non
1760 4050 1807 4091 ea·

1017 4126 1078 4182 dem
1091 4137 1132 4195 εει
1141 4143 1201 4184 cum
1217 4126 1428 4189 inenharmonin
1438 4128 1538 4205 genere
1552 4128 1687 4203 qtraeritur.
1701 4127 1754 4183 Sed
1776 4128 1807 4183 'ut

1017 4217 1131 4274 ¹¹harum
1146 4232 1200 4274 nou
1217 4218 1293 4288 piena
1303 4218 1465 4274 mutabilitas
1477 4219 1575 4275 elarius
1587 4210 1759 4290 colliquescat
1772 4217 1805 4273 ati

1017 4308 1197 4381 hyperboleon
1222 4309 1420 4365 tetrachordum
1442 4309 1595 4391 redeamus,
1621 4310 1648 4365 in
1661 4311 1712 4366 hoc
1726 4310 1806 4380 igitur

1016 4416 1077 4470 prum
1098 4402 1125 4456 in
1151 4400 1285 4457 diatonico
1304 4411 1383 4472 atquo
1396 4401 1422 4456 in
1447 4401 1613 4457 chromatico
1627 4415 1726 4470 genere
1743 4400 1805 4455 trite

1011 4492 1199 4563 hyperboleon
1213 4500 1263 4556 est,
1282 4492 1375 4546 eadem
1397 4493 1552 4569 nptiatur'in
1567 4492 1754 4557 enharmonio,
1777 4498 1806 4545 ει

1017 4585 1045 4638 ht
1058 4591 1192 4653 paranete.
1208 4584 1275 4638 item
1299 4597 1358 4653 quae
1373 4583 1660 4651 tritediezeugmenon
1676 4582 1703 4636 iri
1715 4582 1802 4636 diato-

1015 4673 1076 4728 nico
1091 4672 1132 4727 rel
1152 4664 1319 4726 chromatico
1330 4684 1430 4742 genere
1450 4671 1611 4735 uocabatur,
1634 4677 1763 4740 paranete
1776 4671 1803 4726 in

1015 4763 1193 4819 enharmonio
1202 4762 1363 4834 diciturque
1372 4756 1633 4834 tritesyne'mmenon
1643 4764 1669 4843 iu
1678 4763 1804 4819 chroma·

1016 4856 1068 4912 tieo
1083 4855 1125 4911 rel
1139 4855 1274 4911 diatonico
1293 4855 1355 4921 iuit',
1376 4857 1404 4911 in
1427 4855 1604 4912 enharmonio
1617 4855 1644 4911 in
1657 4867 1802 4927 paraneten

1015 4947 1120 5027 transitt
1136 4944 1216 5015 'Qum
1230 4961 1295 5002 vero
1308 4945 1455 5019 parhypate
1478 4961 1570 5002 meson
1591 4947 1618 5001 in
1637 4947 1816 5002 chromatico·
1834 4934 1836 4939 ’

1014 5041 1057 5097 uei
1072 5041 1206 5097 diatonico
1219 5039 1373 5108 ridebatur,
1393 5040 1487 5097 eadem
1511 5039 1642 5113 lychanos
1662 5055 1754 5097 meson
1775 5041 1802 5097 itt

168 5277 196 5324 ει
211 5285 284 5326 „1030
305 5271 338 5326 ,p
354 5280 434 5328 nepe„
447 5269 669 5340 gppwggmengm
689 5266 869 5324 gamphora,
883 5282 958 5335 vm,
1013 5257 1069 5313 ton,
1093 5246 1137 5301 rel
1161 5245 1188 5301 in
1208 5243 1342 5300 diatonico
1362 5245 1405 5300 rel
1424 5244 1451 5300 in
1475 5243 1639 5319 chromatico
1654 5243 1802 5308 dicebatur,

168 5368 198 5412 nt
212 5359 311 5431 hyppie
323 5362 440 5433 hypaton
451 5360 484 5415 ed
495 5359 610 5431 hypaten
623 5373 734 5427 meson,
753 5367 781 5415 01
791 5358 888 5430 pypape
903 5375 959 5415 mg.
1013 5347 1141 5418 lychanos
1156 5348 1275 5419 hypaton
1290 5347 1316 5400 in
1335 5343 1514 5401 enharmonio
1532 5355 1711 5416 nuncupatur.
1736 5343 1806 5399 Sunt

166 5465 215 5507 sou
228 5452 261 5508 ad
277 5467 378 5509 mesen.
394 5453 504 5509 liohiles
519 5465 583 5508 rero
596 5460 660 5513 sunt
672 5460 732 5522 nite
744 5451 889 5507 secundnm
905 5452 959 5507 sin·
1012 5447 1205 5519 igiturquidem
1218 5446 1380 5515 immobiles,
1393 5445 1687 5515 proslambanomenos,
1702 5447 1801 5516 hypate

202 5621 215 5647 ι
237 5611 424 5666 Nonhnbetur.
462 5609 682 5681 b(Jonaplciutttr.
721 5610 889 5678 ‘Princeps
925 5605 1089 5665 deprehen
1113 5609 1286 5679 hyperboleon
1308 5611 1504 5676 enhurntenios,
1519 5612 1573 5666 ulia
1594 5596 1655 5666 irita'
1668 5610 1800 5669 diuturnos,

166 5681 359 5745 etchronruticc,
377 5681 442 5737 alin.
479 5681 545 5735 rEt
559 5682 748 5745 euhnrrnony'or.
788 5679 797 5717 ¹
821 5679 1286 5748 Etlpchenosmesonetthnrmont'os.
1325 5680 1393 5735 tiit
1410 5680 1534 5752 lpclaonos
1557 5683 1650 5752 hypate
1664 5681 1802 5735 enltnrnro·

110 5814 113 5819 ,
166 5753 232 5811 ut'oa.
271 5750 419 5808 hiisdem.
462 5749 682 5818 iSuperioribus.
724 5749 889 5820 tiippnun.
928 5747 1035 5805 kilinc.
