4278 6266
335 402 389 462 88²

370 511 601 586 Hmldamoenas.

372 606 481 679 Saltem]
493 606 576 675 Quasi
587 603 669 671 dicat,
683 603 801 661 Tametsi
815 611 912 660 catera
933 617 977 659 me
998 602 1126 660 deserue-

333 703 398 768 rim,
414 700 497 756 Husae
507 710 597 757 tameo
612 699 687 756 nollo
699 707 803 755 terrore
817 713 832 753 a
846 712 891 755 rna
901 695 1019 753 abstrahi
1031 706 1128 767 potue·

333 801 405 852 runt.
421 792 467 850 Sic
480 790 560 849 Dvid.
574 792 601 847 in
615 807 642 848 vv
655 790 783 847 Tristium
797 808 805 845 r

397 893 438 945 lie
465 907 546 957 coque
557 893 626 945 llusa
636 892 702 944 levat
712 892 785 944 Ponti
796 892 848 943 loca
856 891 925 953 iussa
936 894 1074 956 petentem.

427 908 483 1006 531,
494 968 578 1006 comes
589 961 678 1006 nostras
689 956 796 1018 perstitit
806 954 845 1028 illa
857 954 930 1018 iuge.

322 1042 327 1051 ·
398 1015 454 1068 Soia
466 1030 512 1068 uec
524 1017 623 1068 insidias
633 1019 707 1075 iuter,
718 1028 766 1066 uec
775 1015 858 1066 milvus
869 1028 966 1078 ensem,

429 1079 482 1131 Heu
490 1091 569 1143 mare,
580 1092 628 1130 nee
637 1085 732 1141 ventos,
740 1078 930 1143 Barbariamque
939 1078 1020 1130 timet.

334 1176 485 1249 Subditoue
496 1192 550 1234 non
560 1178 645 1233 multo
659 1184 742 1247 posta

397 1283 458 1335 inre
468 1282 528 1334 deas
539 1282 614 1346 igitur
626 1293 732 1333 veneror
743 1281 805 1331 maia
815 1286 899 1332 nostra
909 1279 1030 1342 levantes,

426 1344 548 1400 sollicitas
558 1346 661 1396 comites
672 1357 703 1393 es
716 1341 836 1394 Helicone
847 1341 922 1406 luge,

397 1406 430 1458 Et
471 1409 527 1458 reiro
539 1403 637 1471 pelago,
651 1405 738 1469 parlim
750 1404 853 1466 vestigia
865 1410 951 1470 terrm,
1036 1450 1042 1461 ,

451 1469 475 1521 ei
483 1476 538 1520 rate
546 1468 668 1532 dignatas,
676 1466 718 1518 vel
727 1466 975 1530 pedenoatnasequi.

375 1559 476 1635 Gloria]
487 1561 634 1633 Repetstur
656 1557 839 1616 nominativus
851 1559 964 1631 pluralis
978 1556 1128 1628 Hammon,

335 1664 366 1713 ut
376 1654 413 1713 sit
425 1651 568 1726 appositio,
582 1649 728 1720 moene,
741 1650 826 1723 gioria
839 1648 925 1707 ielicis
939 1658 969 1707 et
980 1649 1076 1706 viridis
1087 1649 1132 1721 iu·

336 1756 427 1806 vente
441 1746 516 1815 olim,
537 1744 666 1803 Solantur
680 1758 752 1800 nuuc
772 1757 833 1802 msa
846 1742 899 1799 iata
922 1741 1012 1801 moesti
1035 1743 1130 1799 senis:

334 1841 389 1898 lsoc
401 1848 453 1905 εει,
470 1838 553 1895 Husae
567 1851 628 1909 quae
638 1833 704 1891 nvilsl
716 1834 783 1894 oiim
797 1848 851 1891 non
866 1834 996 1891 mediocri
1009 1842 1037 1890 ει
1049 1848 1130 1890 orna·

335 1942 429 1990 memo
443 1940 471 1988 ει
484 1930 576 1988 decori
597 1928 719 2000 lucrum,
742 1927 843 2001 pariter
864 1936 921 1985 tum
933 1927 1059 1998 iuventa,
1074 1937 1130 1984 tom

336 2026 405 2082 laetis
418 2023 531 2080 fortuna
542 2020 711 2078 successibus
719 2018 844 2090 llomnti,
854 2033 926 2075 nunc
940 2019 1023 2076 rebus
1035 2017 1131 2075 adver-

336 2118 375 2174 sis
397 2115 564 2187 perturbato,
577 2112 693 2185 tillicto,
718 2123 746 2171 ει
770 2123 833 2171 ante
855 2112 1003 2186 legitimum
1026 2121 1132 2184 tempus

336 2206 433 2264 dolore
457 2203 679 2273 consenescenti,
706 2204 918 2261 consolationem
944 2201 1130 2260 ademundi.

335 2297 440 2356 Tollius
452 2297 479 2355 ln
502 2295 627 2354 oratioue
641 2309 690 2366 pro
703 2294 824 2352 brebia:
842 2314 853 2349 r
870 2293 937 2351 Ham
959 2304 1075 2365 catere,
1090 2294 1132 2351 in-

335 2393 404 2466 quit,
420 2405 465 2448 res
478 2403 565 2460 nequa
576 2397 727 2460 temporum
750 2396 828 2452 sum,
853 2400 941 2459 nepte
951 2394 1059 2443 nutum
1073 2401 1132 2444 om·

336 2485 431 2553 nium,
458 2497 547 2553 neque
570 2481 702 2539 locorum.
722 2478 788 2536 lime
813 2477 901 2536 studia
921 2476 1132 2536 adolescentiam

335 2582 428 2648 agunt.
445 2583 614 2632 senectutem
629 2570 784 2638 obiectam,
800 2569 933 2628 secundas
950 2583 995 2628 res
1015 2578 1130 2638 ornam.

336 2666 461 2724 adversis
475 2665 624 2738 perlargium
647 2677 680 2720 ac
699 2662 824 2719 solatium
845 2660 981 2734 prebent,
996 2658 1132 2717 delectam

338 2759 430 2827 domi,
454 2772 507 2816 non
533 2755 684 2829 impediunt
705 2755 783 2824 toris,
803 2762 964 2829 pernoctant
977 2753 1130 2824 nobiscum,

338 2851 555 2925 peregrinamur,
567 2849 758 2906 rusticamur.»

372 2944 435 3001 Heu
449 2943 505 3017 iota
515 2938 689 3015 mustitanis]
703 2938 847 2998 Laurentio
863 2938 990 3006 latiensi,
1001 2937 1047 3011 ool
1062 2952 1131 2996 unua

336 3035 457 3096 omnium
469 3034 504 3093 de
516 3032 611 3093 batim
625 3033 717 3105 lingua
731 3032 817 3090 multo
828 3031 945 3097 meritus
959 3040 1001 3089 est
1013 3029 1130 3103 optime,

335 3127 395 3188 lavec
409 3126 493 3185 Doctii
514 3124 615 3184 locutio
637 3123 684 3180 vis
699 3121 847 3180 tolerabilis
866 3121 982 3191 videtur,
1005 3135 1039 3178 eo
1060 3121 1131 3194 quod

334 3218 506 3292 participium
535 3215 605 3274 desit
620 3235 627 3272 r
641 3213 713 3288 quod
742 3224 833 3270 tamen
861 3227 924 3269 mco
943 3211 1047 3285 iudicio
1062 3211 1113 3267 bau

335 3310 480 3369 dillicuiter
494 3308 662 3374 subauditur.
674 3311 738 3376 puta
751 3304 826 3374 lacti,
839 3312 869 3360 rat
883 3303 920 3360 sit
929 3318 1035 3361 sensus.
1050 3302 1133 3360 llusm

336 3404 461 3462 solamur
473 3416 546 3459 nune
559 3415 619 3458 rues
632 3399 700 3465 lata,
714 3398 760 3471 qui
784 3397 820 3455 ob
834 3398 951 3454 lortuam
965 3396 1133 3469 iniquitatum

335 3501 424 3559 iaetus
439 3515 499 3557 sum
521 3508 633 3556 mmstus
653 3510 747 3554 sensa.
769 3495 802 3553 lit
816 3494 868 3552 lsoc
881 3494 1003 3566 mequod
1013 3494 1132 3566 subiicit.

372 3590 495 3665 inopino]
509 3590 538 3647 ld
552 3599 611 3659 εει,
626 3587 763 3661 inopinata
784 3596 926 3655 senectus,
946 3595 975 3644 ct
986 3601 1046 3659 quoa
1058 3585 1133 3644 clan-

337 3685 427 3742 culum
442 3681 509 3739 mibi
522 3681 649 3753 opinione
663 3679 744 3736 citius
757 3678 887 3754 obrepsit.

335 3796 337 3801 ·
379 3775 451 3833 l'rrrit
462 3772 611 3848 properato]
624 3773 682 3831 Hoc
693 3781 745 3841 est,
757 3786 873 3847 propere
883 3780 911 3830 et
921 3771 1078 3830 iastinamer
1090 3771 1133 3829 lu·

337 3868 428 3925 ducta.

373 3957 464 4033 liciis]
477 3957 601 4027 licceat,
615 3956 652 4015 ob
669 3956 741 4014 mala
764 3964 791 4014 ει
809 3930 932 4016 iortuna'
943 3955 1130 4017 adversitates.

337 4047 388 4106 list
405 4047 478 4105 enim
499 4047 608 4119 septimi
634 4061 724 4105 casus
737 4047 815 4121 Apud
830 4047 972 4106 Erasmum
997 4047 1132 4120 singulare

335 4140 424 4199 nostrl
435 4140 527 4198 saculi
540 4140 633 4209 decus,
658 4140 831 4213 proverbium
855 4151 911 4208 εει,
937 4141 1005 4198 lisia
1026 4141 1131 4199 senium

337 4232 501 4301 accelerant,
516 4233 688 4304 desumptum
701 4250 735 4291 ex
749 4234 797 4291 ilio
810 4234 953 4293 Homerico
969 4252 978 4291 ε

399 4329 496 4395 Quippe
504 4331 730 4396 repeuielaomines
737 4331 853 4396 caroque
861 4308 980 4395 maiisqfie
989 4334 1131 4383 senescunt.

284 4454 290 4468 .
337 4415 448 4474 Dvldius
462 4417 490 4473 in
504 4414 755 4492 primodePonto:

401 4518 442 4570 ile
453 4530 552 4583 quoque
561 4517 675 4570 debilitat
686 4521 765 4570 series
775 4519 893 4571 immensa
906 4518 1023 4585 laborum,

431 4582 496 4633 dote
507 4594 591 4632 meum
602 4586 701 4646 tempus
711 4594 786 4645 cogor
796 4587 824 4633 et
834 4594 890 4633 esse
902 4593 990 4634 senex.

374 4672 490 4733 AEtstem
507 4671 593 4746 mom]
604 4671 788 4731 Senectutem.
803 4673 839 4732 ilt
852 4677 925 4732 enim
937 4676 1047 4747 iuventa
1060 4644 1170 4736 lati-⁰

337 4772 394 4838 lire,
407 4771 447 4828 aie
456 4770 558 4827 doloris
568 4778 634 4825 atas
644 4777 688 4825 est
700 4778 835 4826 senectus.

374 4859 559 4936 Intempestiui]
570 4862 639 4917 Ante
647 4859 748 4932 lustum
761 4869 866 4932 tompus
879 4862 946 4918 nati.

378 4953 490 5026 Verrius]
503 4953 556 5010 Per
573 4951 711 5016 verticem.
727 4952 867 5024 incapite.

375 5041 451 5117 Cani]
466 5043 557 5114 Capilli
568 5043 639 5100 cani.
654 5042 777 5100 Valerius
791 5043 899 5099 Huxim.
915 5041 962 5100 lib.
975 5059 1014 5100 rr:
1029 5042 1131 5102 Puber-

336 5146 381 5196 tas
394 5137 469 5194 canis
480 5149 558 5190 suum
568 5135 697 5190 bonorem
711 5133 851 5191 reddebat.
1108 5200 1113 5207 .

375 5227 472 5304 Effera]
486 5228 595 5286 Viribus
609 5227 751 5296 esbuusto,
766 5236 795 5285 ει
807 5226 844 5284 ob
853 5226 936 5286 animi
946 5225 1068 5285 dolorem
1080 5227 1130 5285 de·

338 5323 454 5384 biliaco.

376 5416 592 5474 Horslrominum
606 5413 679 5490 tede]
694 5414 728 5474 ilt
753 5415 836 5473 animi
856 5414 1004 5487 perturbati
1032 5414 1130 5486 nomo,

341 5518 414 5567 totus
426 5526 462 5567 ex
476 5509 581 5568 lorium
593 5508 705 5583 pendet,
720 5509 787 5565 citra
799 5523 877 5582 curus
889 5522 1042 5568 successum
1058 5525 1131 5569 mor·
1187 5582 1190 5590 .

326 5597 394 5661 ἰειιι
407 5603 491 5676 magis
503 5618 582 5675 quam
597 5604 680 5661 vitam
690 5611 774 5674 optat.

301 5738 312 5748 .
376 5694 592 5752 llarrlominom
604 5695 678 5770 selis]
698 5694 880 5755 Subaudiest.
894 5698 1010 5769 Felices,
1033 5699 1129 5772 inquit,

340 5799 405 5846 suut
417 5790 541 5849 homines
556 5791 653 5863 quibus
663 5808 724 5849 curn
747 5793 852 5850 lortuna
866 5804 1004 5864 permanet
1026 5803 1054 5851 et
1065 5796 1129 5863 vita,

339 5878 440 5953 disque
463 5881 623 5952 recedente,
645 5885 747 5959 pariter
767 5885 868 5947 initur.
892 5888 1066 5951 Antisthenes
1086 5888 1131 5946 ille

652 394 826 458 arpennis
840 396 887 459 AD
905 393 1028 456 LiDHDS
1046 391 1091 452 nii
1109 390 1371 457 consolmionn
1389 396 1639 460 DHiLDSDDHlAE.

1917 390 1973 449 853

1136 508 1296 585 &Cynicos
1314 523 1424 587 rogatus
1438 516 1563 586 quidnam
1583 514 1654 586 apud
1677 513 1799 587 homines
1814 521 1887 570 esset
1907 511 1973 572 bea-

1178 608 1251 663 tius:
1266 606 1400 673 Fciicem.
1412 607 1515 680 iuquit,
1530 607 1609 665 morl.

1216 697 1353 772 Dulcibus]
1368 698 1533 759 Fortunatis.
1569 718 1574 725 ’

1213 786 1320 864 Ιιιειιιι]
1335 789 1472 857 immittis,
1487 792 1594 862 irruerit.

1216 880 1324 955 lloertir]
1351 881 1393 939 lib
1412 883 1565 942 bominibus
1586 885 1706 956 maestis,
1731 886 1758 943 id
1776 896 1819 945 εει
1838 888 1974 948 tristibus.

1179 969 1388 1030 Haaimiuianus
1402 988 1456 1031 uon
1469 975 1580 1033 omnino
1590 980 1803 1037 contemnendus
1815 990 1894 1053 poeta
1910 1000 1918 1038 ε

1242 1062 1346 1176 oiim
1356 1065 1418 1117 dura
1429 1069 1521 1130 premit
1531 1070 1633 1119 miseros
1642 1071 1749 1123 conditio
1757 1074 1824 1124 vitae.

1295 1138 1325 1177 ec
1334 1140 1400 1178 mora
1410 1128 1515 1180 humano
1526 1132 1636 1192 subjacet
1647 1133 1760 1197 imperio.

1241 1186 1319 1239 Dulce
1330 1190 1393 1239 muri
1404 1192 1509 1254 miseris,
1522 1198 1550 1243 at
1559 1205 1625 1243 mors
1634 1201 1716 1258 optata
1728 1195 1833 1257 recedit,

1273 1250 1306 1301 at
1315 1263 1371 1302 cum
1383 1254 1460 1303 ιιιειιε
1471 1257 1530 1317 ecit,
1543 1258 1689 1320 praecipitata
1700 1259 1777 1310 venit.

1179 1334 1273 1394 Obiter
1297 1335 1342 1392 lais
1361 1336 1388 1393 iu
1412 1338 1535 1396 versibus
1558 1341 1675 1397 nouoda
1693 1342 1826 1410 secundm
1846 1342 1975 1401 dictionis

1180 1428 1312 1500 conditio,
1328 1429 1441 1501 syllaba,
1453 1446 1513 1503 qua
1532 1432 1644 1491 licenter
1667 1435 1795 1506 producta
1817 1444 1870 1493 εει.
1890 1436 1977 1494 aluoe

1181 1528 1271 1578 autam
1291 1521 1392 1580 sciolus
1411 1524 1543 1595 quosdam
1557 1524 1636 1582 Gallo
1652 1535 1741 1599 pocta
1759 1527 1864 1600 Virgilii
1886 1529 1977 1588 amico

1182 1616 1298 1688 elegias,
1312 1631 1373 1687 qun
1384 1617 1566 1675 Maximiniani
1579 1626 1662 1688 sum.
1680 1620 1717 1678 ob
1730 1621 1872 1679 leviculum
1885 1626 1978 1696 suspi-

1183 1707 1287 1764 cionem
1303 1708 1432 1771 tribuere.
1449 1709 1546 1768 ierom
1556 1711 1590 1770 de
1605 1712 1657 1770 boe
1667 1712 1735 1770 alias
1747 1714 1839 1783 latius.

1220 1798 1281 1857 Heu
1294 1800 1344 1856 ltcu
1357 1817 1434 1874 mam
1444 1800 1535 1874 surdo]
1550 1801 1608 1861 Heu
1627 1804 1743 1862 dolentia
1755 1815 1798 1863 est
1811 1806 1977 1879 interiectio.

1144 1891 1251 1965 Bsicut
1274 1893 1455 1966 probatissimi
1473 1898 1641 1969 grammatici
1657 1897 1765 1957 emant.
1781 1899 1858 1957 iliaca
1881 1901 1977 1962 latim

1183 1986 1269 2045 dictio
1290 2002 1345 2044 nou
1357 1997 1400 2045 est
1413 2006 1421 2044 ε
1436 1989 1509 2061 quod
1534 1990 1593 2047 soie
1616 1992 1732 2063 partium
1750 1993 1879 2051 orationis
1893 1994 1979 2052 iuter·

1181 2080 1265 2152 lectio
1288 2098 1423 2153 nunquam
1447 2086 1626 2155 componitur,
1644 2085 1693 2143 sed
1714 2086 1977 2158 geminationsiaeta

1183 2171 1344 2241 dicendum,
1361 2174 1413 2232 heo
1426 2175 1491 2233 heu.
1502 2176 1625 2234 Tibullus
1638 2190 1647 2234 ι

1228 2294 1233 2301 ·
1245 2266 1302 2319 ileu
1314 2267 1373 2329 beu,
1384 2268 1500 2321 divitibus
1510 2269 1582 2321 video
1593 2268 1705 2335 gaudere
1715 2269 1818 2337 puellas

1181 2350 1276 2409 idem:

1274 2443 1383 2497 Ferreus
1394 2449 1441 2508 εει,
1453 2444 1503 2497 beu
1514 2446 1573 2510 beu,
1584 2448 1695 2513 quiaquia
1704 2448 1730 2499 iu
1740 2447 1804 2499 urbe
1813 2451 1907 2499 manet.

1181 2518 1317 2586 iuvenitur
1329 2538 1356 2585 st
1365 2528 1464 2598 beben,
1475 2538 1544 2588 teste
1557 2530 1677 2590 Perotto.
1688 2532 1780 2591 Potest
1791 2542 1819 2589 et
1831 2546 1926 2589 versus
1935 2532 1978 2590 sie

1181 2631 1256 2679 recte
1281 2620 1333 2694 legi
1349 2639 1358 2678 ε
1377 2619 1436 2678 Heu
1455 2637 1535 2694 quam
1557 2623 1649 2680 surda.
1676 2624 1785 2681 Servius
1806 2626 1832 2681 in
1852 2625 1978 2683 secundo

1182 2715 1313 2773 AEneidos
1324 2715 1518 2773 commentario
1535 2717 1614 2774 :Heu
1625 2717 1706 2774 modo
1722 2728 1764 2774 εει
1781 2733 1832 2774 una
1853 2718 1977 2791 syllaba.

1181 2809 1230 2867 aed
1242 2810 1375 2867 interdum
1388 2820 1499 2882 promer
1513 2818 1627 2868 metrum
1637 2810 1698 2867 duae
1712 2810 1794 2876 liunt,
1806 2821 1836 2868 m
1848 2819 1905 2880 εει,

1243 2901 1300 2952 Heu
1312 2914 1384 2967 quam
1396 2902 1480 2967 pingui
1491 2915 1575 2954 macer
1586 2907 1624 2955 cst
1634 2902 1694 2953 mibi
1705 2909 1790 2954 murus
1799 2903 1825 2955 ln
1835 2916 1902 2956 arro.

1216 2985 1977 3061 avaricumspermt,evomaturmomamiserisiovocata.

1218 3079 1462 3154 dromonorum]
1480 3079 1579 3137 ordina
1595 3079 1648 3147 sic,
1665 3079 1698 3137 m
1714 3093 1784 3137 saevo
1799 3090 1871 3138 mois
1884 3089 1976 3153 negat,

1114 3211 1132 3268 d
1182 3171 1308 3243 honest,
1330 3189 1383 3230 non
1405 3173 1554 3246 permittit,
1569 3175 1684 3231 miseros
1703 3172 1832 3242 subaudi,
1849 3173 1977 3232 claudere

1146 3260 1170 3328 G
1185 3267 1282 3326 demea
1296 3267 1399 3324 oculos.
1411 3267 1464 3323 dut
1477 3265 1550 3322 bunc
1567 3265 1595 3322 iu
1610 3265 1734 3335 modum,
1749 3265 1826 3323 Sava
1841 3280 1914 3322 mors
1924 3279 1977 3321 ne-

1183 3369 1230 3435 gat
1244 3360 1349 3427 ίιειιιεε,
1365 3361 1417 3419 boc
1436 3368 1490 3426 εει,
1504 3358 1628 3417 homines
1641 3359 1676 3416 ob
1691 3359 1771 3433 bulas
1791 3360 1853 3415 vitm
1862 3358 1976 3415 miami-

1183 3460 1266 3510 tatem
1295 3452 1487 3526 lacrymantes,
1509 3450 1756 3518 claudersoculos‚
1779 3450 1808 3507 id
1831 3463 1873 3508 est
1891 3451 1975 3509 muri.

1182 3540 1285 3603 alludit
1295 3544 1429 3602 autumari
1440 3551 1560 3602 vaurum
1574 3558 1757 3617 moremque
1769 3542 1977 3617 propinquiores

1182 3645 1351 3695 mortuorum
1362 3635 1458 3694 oculos
1471 3635 1598 3694 claudere
1611 3636 1743 3693 solebam.
1753 3636 1782 3693 ln
1792 3636 1862 3693 libro
1869 3636 1972 3711 Tobiae,

1182 3730 1273 3803 capite
1286 3730 1394 3798 ultimo,
1406 3730 1463 3786 bec
1474 3729 1575 3801 scripta
1589 3739 1652 3785 sunt
1665 3745 1674 3786 r
1687 3728 1752 3787 Post
1763 3729 1865 3787 obitum
1878 3730 1976 3787 ιιιιιιίι

1182 3821 1349 3880 ειεεΤειιίιε
1365 3821 1498 3879 abscessit
1521 3836 1554 3877 ει
1573 3819 1670 3879 iiiulie
1683 3835 1744 3878 cum
1764 3836 1849 3880 uxore
1870 3835 1935 3891 ιιι,
1947 3833 1976 3880 ει

1182 3912 1256 3983 liliis,
1268 3922 1296 3971 et
1306 3911 1505 3983 liliorumllliis,
1515 3921 1542 3970 ει
1551 3914 1770 3972 reversusestad
1779 3928 1889 3972 soceros
1898 3930 1973 3984 suos,

1182 4003 1390 4077 invenitquesos
1403 4004 1587 4062 incolumesin
1602 4013 1741 4064 senectute
1750 4006 1830 4078 bona,
1840 4016 1868 4065 ει
1881 4022 1975 4066 euram

1183 4110 1276 4154 eorum
1284 4098 1379 4169 cessit,
1389 4105 1418 4155 ει
1425 4098 1483 4169 ipse
1494 4097 1591 4155 clausit
1601 4098 1695 4156 oculos
1706 4110 1817 4167 eorum.
1827 4107 1855 4157 et
1865 4114 1974 4158 omnem

1182 4186 1368 4246 hereditatem
1383 4187 1480 4245 domus
1496 4188 1624 4263 Hsgoelis
1638 4190 1695 4262 ipse
1707 4191 1838 4265 percepit.
1852 4192 1974 4250 Valerius

1182 4279 1313 4337 Haaimus
1332 4278 1502 4339 demoliens
1527 4284 1631 4339 Assaria
1647 4300 1654 4338 ε
1670 4282 1800 4349 Filiorum
1823 4299 1918 4341 manus
1938 4285 1971 4341 ad

1183 4384 1339 4444 supremum
1350 4373 1589 4446 opprimendorum
1605 4374 1744 4433 oculorum
1762 4373 1879 4434 olflcium
1892 4377 1973 4434 advo·

1182 4467 1263 4526 cavit.
1279 4466 1363 4527 Silius
1372 4467 1480 4525 italicus
1494 4468 1522 4525 in
1536 4482 1607 4526 nono
1625 4486 1633 4525 r

1272 4622 1325 4675 lite
1334 4623 1425 4679 condas
1434 4623 1518 4677 oculos
1525 4560 1731 4689 ιεΑιίιῖιιωρξξειίιιιῐειθ
1741 4560 1852 4614 ,ΜΝ

1185 4711 1296 4771 Ovidius
1305 4713 1334 4770 iu
1342 4714 1422 4771 tertio
1433 4713 1468 4771 dc
1479 4711 1612 4770 Tristibus
1623 4728 1631 4769 ε

1244 4807 1298 4859 iiee
1306 4807 1418 4860 mandata
1428 4807 1501 4867 dabo,
1511 4818 1559 4858 nec
1570 4819 1624 4857 cum
1635 4805 1742 4858 ειιιιεεε
1752 4818 1866 4872 supremo

1278 4869 1403 4921 Labeates
1412 4869 1496 4922 oculos
1506 4869 1596 4919 condet
1605 4871 1682 4920 amica
1691 4881 1783 4920 manus.

1222 4951 1340 5026 uuidar]
1353 4950 1533 5018 Huiabiiihus,
1548 4948 1638 5016 fluxis.
1651 4949 1769 5007 caducis.

1221 5046 1357 5119 llolefido]
1374 5044 1467 5112 loiida,
1478 5044 1643 5101 inconstans.

1220 5138 1246 5195 F
1246 5136 1340 5212 oneret]
1352 5137 1433 5195 Deest
1446 5137 1523 5194 mibi.

1221 5234 1291 5292 Nam
1304 5233 1400 5290 leuibus
1415 5230 1499 5305 ionis]
1510 5231 1645 5303 Septimus
1658 5242 1737 5286 casos
1746 5235 1798 5284 est.

1220 5326 1290 5383 Perre
1303 5336 1382 5399 eaput
1392 5323 1482 5396 tristis]
1497 5322 1586 5391 idest,
1601 5337 1671 5395 pene
1683 5331 1897 5379 mortuuseram.

1220 5420 1330 5495 Nubila]
1344 5419 1465 5479 Obscura
1480 5428 1509 5475 ει
1518 5417 1643 5475 adversa.
1657 5415 1703 5474 Sic
1717 5413 1829 5471 Ovidius
1843 5430 1851 5468 r

1244 5513 1366 5577 Tempora
1377 5512 1399 5564 si
1410 5510 1504 5562 luerint
1513 5508 1607 5572 nubila,
1618 5507 1686 5560 soiut
1697 5508 1755 5559 eris.

1221 5604 1354 5684 lucratur]
1369 5603 1528 5676 Iniueuudas
1545 5621 1552 5658 :
1568 5599 1782 5687 subaudiendum
1796 5598 1872 5656 milri.

1221 5703 1309 5775 lorpia
1322 5697 1385 5771 rite]
1398 5697 1522 5756 crudelis
1535 5695 1563 5753 ln
1577 5710 1622 5754 me
1633 5694 1761 5752 miserum
1778 5692 1847 5751 mori
1866 5691 1972 5765 cupiens

1184 5809 1250 5859 tem.
1262 5795 1372 5855 Publius
1382 5792 1581 5866 Himupraplvus
1596 5809 1604 5850 τ

1251 5892 1331 5951 oviis
1342 5885 1649 5953 mercamentum
1658 5884 1751 5939 brevia
