4278 6266
333 365 385 423 sle

658 358 827 419 suissuis
847 365 892 420 Ab
912 362 1034 423 stubbs
1055 364 1098 417 bs
1116 361 1373 418 CONSOLleONE
1392 362 1638 421 Ptitibsbettlrs.

1910 368 1966 429 Μ

332 493 403 534 (ιιιιι.
417 480 505 541 Βίθλος
519 478 590 533 enim
610 478 798 546 interpretetur
809 490 940 548 papyrus,
959 476 1056 546 iuturus
1076 488 1121 530 oo·
1134 476 1160 537 Α
1173 473 1214 528 liis
1228 490 1291 545 ergo
1304 475 1358 544 jam
1374 477 1450 531 satis.
1469 475 1605 531 Clrocratls
1620 486 1709 533 autent
1722 492 1813 532 eoram
1828 476 1964 535 babemus

332 569 394 634 dex,
408 568 485 634 liber,
498 569 622 639 lirtmbpx.
634 568 760 623 Nonnulli
771 569 891 623 scriliunt
904 583 951 638 per
964 592 993 634 u,
1005 569 1121 625 inaximo

332 658 490 715 Tireodorns
501 659 580 715 Gaza.
593 660 726 721 irruenitur
736 670 762 716 et
774 661 871 723 aldios,
885 661 949 714 urbs
965 659 1119 726 Piroeniciae,

331 764 390 814 oure
404 762 451 815 per
464 770 481 802 o
498 762 603 816 renuiter
619 748 743 803 scribitur
757 765 765 804 a
778 748 926 804 differentia
946 749 1022 816 eujus
1041 748 1120 818 pleri·

330 851 383 906 qaue
396 836 483 908 didiae
499 852 547 905 pro
560 838 652 893 codiee
666 854 736 908 perr
751 839 832 894 scribi
843 839 986 905 alllrmanr,
1003 854 1050 908 per
1061 854 1119 893 niu·

332 929 460 984 tationem
475 929 596 984 dicirroui
608 931 635 985 in
645 929 815 994 diclrrouum,
826 940 856 984 ut
871 929 983 985 lsaceius
997 930 1023 984 iu
1033 931 1120 1001 Lyco-

279 1076 284 1093 ι
331 1020 442 1091 pirronis
457 1021 676 1090 interpretatione
698 1030 818 1076 testatur.
840 1020 891 1077 Per
912 1020 1118 1075 diminutionem

330 1121 426 1166 neutro
438 1125 536 1180 penem
549 1110 647 1164 dir-imr
658 1111 755 1183 didius
770 1097 908 1174 uolumen,
924 1110 1042 1173 libellus;
1057 1111 1118 1168 θήκη

329 1211 417 1257 autern
432 1200 524 1255 Latiare
539 1200 634 1256 dicitur
648 1200 849 1269 tlieca,vagina,
864 1200 1027 1267 sepulcrum,
1042 1200 1118 1254 locu·

329 1289 383 1355 tus,
398 1292 596 1361 repositorium.
613 1290 648 1345 ti.
660 1290 763 1344 Tollius
778 1291 804 1344 in
821 1305 867 1343 sur
883 1290 1061 1357 Epiistoiarorn
1080 1290 1118 1343 ia·

331 1380 473 1435 miliarium
489 1396 496 1434 :
512 1381 651 1451 Dionysius
665 1394 757 1434 sersus
770 1381 908 1450 meus,qui
923 1394 1008 1433 oseam
1021 1379 1118 1434 biblio·

329 1468 434 1525 ibecanr
446 1470 593 1525 multorum
608 1485 776 1525 nunrmorum
790 1471 928 1535 tractarit,
944 1487 1004 1526 crim
1020 1472 1117 1526 multos

329 1558 413 1612 iibros
427 1560 615 1630 surripuisset,
627 1575 676 1615 uec
689 1575 719 1615 se
734 1566 842 1630 impune
861 1562 974 1616 laturum
996 1572 1117 1633 putaret,

328 1650 439 1721 sulupit.
453 1650 547 1708 Latine
570 1652 676 1707 libraria
699 1652 811 1719 dicitur,
836 1668 889 1722 quo
906 1655 986 1708 etiam
1010 1655 1117 1710 notariae

328 1740 493 1808 sigrrlileatur
508 1743 582 1796 locus
596 1742 638 1794 ubi
651 1742 710 1797 iibri
725 1742 834 1797 venales
846 1755 1020 1813 reponuntor.
1034 1746 1116 1799 buius

1171 565 1364 633 inpraesentia,
1378 564 1587 636 babebimusque
1605 566 1632 620 in
1648 576 1798 636 posterum,
1810 577 1836 623 et
1848 568 1884 623 tui
1898 584 1961 638 pra·

1171 654 1206 707 tia
1217 695 1225 719 ,
1236 665 1262 709 et
1275 655 1358 722 patris
1369 656 1428 725 ejus
1441 655 1619 727 Piupnionis,
1631 665 1658 711 et
1672 665 1781 727 propter
1793 658 1880 728 imarii
1894 659 1962 714 ndo-

1171 744 1325 799 lesrentem.

1207 835 1304 901 Quibus
1319 847 1404 890 ostem
1423 834 1604 907 deferentibus]
1617 836 1725 907 Colligit
1743 838 1900 907 grauitatem
1915 855 1963 894 cs-

1169 939 1215 978 sus
1234 941 1266 979 ex
1286 926 1443 995 indignitate
1463 937 1663 993 accusatorum,
1686 943 1702 983 e
1724 928 1819 997 quibos
1843 930 1964 986 basilios

1168 1029 1229 1068 enm
1249 1025 1320 1070 esset
1338 1024 1473 1070 arrrotuse
1495 1017 1576 1070 darno
1596 1017 1681 1086 regis,
1706 1030 1817 1087 propter
1840 1019 1960 1088 inopiam

1168 1116 1277 1160 curreres
1291 1115 1332 1160 est
1344 1122 1405 1160 euna
1418 1121 1555 1162 accusare.
1566 1107 1654 1176 Opilio
1663 1116 1692 1162 et
1704 1109 1879 1173 Gaudentius,
1895 1126 1961 1164 euin

1167 1206 1257 1250 esseut
1275 1196 1345 1264 jussi
1357 1197 1397 1250 ire
1411 1197 1438 1250 iu
1458 1198 1583 1252 exsilium
1599 1208 1707 1266 propter
1728 1201 1829 1253 seelera
1850 1214 1916 1265 sris,
1931 1215 1962 1256 er

1169 1292 1301 1353 postesse
1322 1285 1445 1353 prosilio
1459 1287 1579 1341 locorum
1597 1301 1734 1342 sacrorum
1747 1299 1894 1349 tuerentur.
1909 1291 1962 1345 ito·

1168 1391 1280 1445 ruraque
1295 1378 1433 1433 statuisset
1446 1395 1513 1444 rex,
1531 1380 1583 1434 uisi
1600 1380 1668 1435 intra
1683 1392 1786 1436 eertrrut
1801 1383 1874 1437 diem
1896 1384 1959 1438 abi·

1167 1473 1227 1518 rent
1235 1465 1268 1518 ab
1278 1465 1345 1520 urbe
1353 1467 1490 1533 llaseuna,
1501 1469 1625 1538 stigmata
1637 1469 1808 1525 inurerentur
1823 1473 1960 1528 irourilios

1166 1571 1259 1610 eorum
1272 1573 1280 1610 ι
1293 1557 1387 1612 codena
1402 1568 1489 1612 tarnen
1500 1557 1544 1614 die
1557 1574 1610 1630 quo
1622 1559 1739 1628 jusserat
1754 1563 1803 1615 ista
1819 1578 1877 1628 res,
1892 1579 1965 1619 cuna

1167 1647 1355 1715 profiterentur
1374 1661 1544 1707 accusatores
1568 1632 1598 1707 se
1617 1652 1718 1720 boetii,
1736 1654 1820 1710 iactus
1833 1665 1877 1711 est
1893 1672 1960 1712 reus

1168 1735 1234 1803 ipse,
1250 1744 1278 1790 et
1301 1736 1338 1790 iili
1360 1737 1442 1793 auditi
1461 1751 1532 1794 sunt.
1547 1740 1615 1806 Quid
1628 1756 1695 1811 erpo
1711 1743 1846 1813 indignius
1871 1747 1960 1813 potuit

327 1831 427 1886 Gellius
437 1832 504 1887 libro
513 1831 635 1887 Noctium
648 1834 792 1888 Atticarum
805 1834 907 1903 quinto,
918 1836 1114 1906 capitequarto:
1131 1835 1155 1896 Β
1168 1825 1237 1888 lieri·
1249 1841 1329 1896 quam
1343 1829 1367 1882 δί
1380 1843 1429 1884 ¹¹0⁰
1445 1829 1552 1885 B⁰P²il¹³
1565 1832 1663 1887 millii
1676 1837 1805 1902 miliari,
1820 1846 1849 1891 ⁰²
1862 1837 1903 1894 11Ιί
1912 1838 1958 1894 io·

327 1924 403 1994 Apud
413 1924 536 1994 sigillaria
549 1925 616 1979 iorte
627 1925 652 1978 in
661 1924 768 1980 libraria
780 1939 830 1994 epo
839 1934 866 1980 et
875 1924 905 1979 L.
916 1926 1012 1981 Paulus
1027 1936 1115 1995 poeta,

327 2021 368 2076 sir
378 2022 504 2076 memoria
520 2030 611 2076 nostra
626 2021 814 2083 doctissimus,
827 2021 1044 2076 eorasederamua.

362 2109 403 2164 rid
424 2111 530 2165 coelertis
551 2110 648 2165 ordinis
664 2108 809 2183 escurplar]
823 2110 899 2168 Sicut
911 2111 982 2165 enim
997 2110 1116 2166 coeiestia

327 2199 479 2255 certissime
494 2199 645 2270 diriguntur
658 2200 769 2263 ordine,
784 2210 913 2270 perpetuo
930 2209 1053 2254 constant
1074 2208 1116 2255 te·

327 2309 393 2349 trare
411 2309 569 2364 somniaque
590 2303 782 2348 conservantur
801 2291 942 2347 concordia
961 2308 968 2344 r
987 2291 1022 2345 ita
1044 2300 1070 2346 et
1086 2291 1113 2346 in

326 2386 434 2443 bomine
447 2402 544 2458 corpus
566 2397 608 2443 est
625 2388 706 2443 antimi
726 2386 839 2457 imperio
861 2386 1072 2454 subjugandum,
1086 2396 1115 2441 et

326 2480 458 2552 appetitus
471 2492 543 2536 recta
556 2481 658 2536 ratione
677 2480 874 2543 intolerantius,
890 2487 970 2547 atque
988 2478 1014 2532 in
1028 2479 1115 2531 omni·

327 2571 378 2624 bus
388 2571 582 2633 conuenientia,
597 2569 675 2634 ordo,
690 2578 940 2639 temperamentum,
955 2567 1113 2624 eoncordia·

327 2677 379 2733 que
392 2661 534 2731 diligenter
548 2661 724 2716 observanda.

360 2751 452 2808 Beatos
474 2758 528 2823 iore
553 2749 868 2822 respublicur1i'aierius
891 2749 1021 2805 Maximus
1045 2750 1113 2805 libro

326 2845 530 2914 septimotlam
547 2844 665 2900 Platonis
684 2842 774 2898 verbis
794 2844 916 2906 astricta,
935 2843 982 2897 sed
1003 2857 1112 2897 sensum

326 2937 474 3004 prevalens
488 2939 620 2992 sententia
635 2954 642 2990 ε
658 2937 703 3005 orii
714 2944 770 2990 turn
785 2935 891 2989 demum
908 2936 1012 2989 beatum
1029 2946 1112 2989 terra·

324 3042 383 3082 ruta
395 3027 488 3082 orbern
509 3027 626 3082 imorum
648 3024 817 3096 praedicarit,
834 3040 896 3079 conr
911 3034 956 3077 aot
979 3025 1112 3092 sapientes

324 3133 452 3189 regnare,
466 3130 511 3175 aut
526 3134 602 3188 rupes
621 3132 716 3188 sapere
733 3116 886 3186 roupi—seut.
905 3114 991 3170 Julius
1004 3115 1111 3186 Capito·

323 3208 394 3265 boos
408 3209 434 3264 itt
449 3207 508 3264 Vita
524 3207 558 3262 lri.
574 3207 683 3263 antuini
701 3205 854 3275 Pbilosoplri
871 3205 982 3259 Romani
997 3187 1149 3274 irripere-C

325 3301 392 3355 toris
407 3315 414 3352 :
427 3300 565 3354 Sentemia
579 3297 696 3353 Platonis
715 3310 822 3366 semper
840 3296 867 3350 in
889 3312 936 3350 ore
960 3297 1032 3351 illius
1052 3296 1109 3359 init,

323 3396 436 3451 Florere
449 3395 585 3463 civitates,
601 3395 623 3448 si
640 3404 685 3448 aut
698 3392 847 3463 piiilosopiri
865 3392 1043 3460 imperarent,
1066 3397 1113 3443 aot

323 3485 498 3554 imperatores
518 3484 779 3554 pbilosoplrarentor.
800 3482 959 3538 Prudentius
982 3481 1010 3536 io
1033 3480 1110 3550 spur-

324 3571 446 3629 tnacbuut
459 3584 592 3628 oratorem
609 3590 617 3630 z

397 3681 515 3731 Nimirum
528 3681 630 3744 pulrbre
641 3683 739 3744 nullam
751 3683 905 3734 donimamus
917 3691 986 3734 esset

396 3742 496 3792 Publice
507 3757 558 3805 res,
571 3745 660 3805 inperii,
673 3754 731 3793 trrrrc
743 3744 861 3794 Portunata
873 3748 941 3805 satis,
954 3748 975 3794 si

397 3802 445 3854 i’el
458 3817 533 3867 reges
544 3813 670 3867 saperent,
683 3805 722 3855 ((1
735 3808 1014 3867 regnarent'sapieutes.

358 3885 397 3940 Pu
415 3886 529 3953 eiuidem
549 3886 597 3940 eiii
618 3883 677 3957 ore]
696 3886 788 3941 Exstat
807 3885 924 3942 Platonis
944 3886 1055 3955 epistola
1075 3886 1109 3942 ad

320 3971 987 4048 brebitamflarentinum,nuarnliarsilirrsFieirrus
1000 3978 1070 4032 irone
1083 3979 1108 4034 in

321 4065 429 4119 modium
449 4066 638 4135 interpretatus
654 4076 696 4121 est
712 4085 718 4120 ε
735 4066 810 4121 Plato
827 4070 943 4122 tirolritae
964 4067 1109 4123 Tarentino

321 4158 390 4213 berre
408 4172 498 4227 apere.
518 4157 656 4212 Venerunt
678 4158 711 4212 ad
730 4173 779 4212 uos
797 4156 924 4227 Archippi
948 4157 1108 4213 Philonidis·

320 4265 372 4318 que
384 4248 539 4313 familiares,
552 4248 668 4303 [erentes
682 4247 822 4317 epistolam
835 4262 915 4317 quarn
930 4248 969 4302 eis
983 4248 1106 4315 dederas,

319 4350 351 4392 ac
370 4337 403 4393 de
423 4337 504 4392 rebus
523 4337 575 4391 tuis
597 4352 657 4406 qiua
675 4336 793 4404 oportuit
814 4336 977 4390 nuntiantes.
999 4336 1107 4392 Publica

318 4427 427 4498 pnidenr
441 4428 556 4483 civitatis
577 4427 681 4497 negotia
700 4426 802 4496 absque
821 4426 979 4482 diiiicoltate
998 4442 1108 4497 perege-

1167 1915 1239 1986 digui
1250 1927 1326 1970 erant
1340 1920 1385 1985 oui
1395 1930 1563 1974 accusarent.
1576 1923 1722 1980 Acntcoet.

1203 2009 1393 2083 bepereuu'iur]
1406 2010 1515 2066 boierre
1530 2012 1637 2081 proprio
1651 2013 1784 2082 signiiiost
1798 2027 1959 2087 apportare.

1167 2101 1261 2172 virgil.
1274 2102 1300 2156 in
1313 2118 1339 2157 tv
1353 2102 1461 2159 AEbeid.
1480 2122 1486 2156 :

1382 2192 1471 2243 lislam
1483 2196 1554 2256 impla
1565 2195 1626 2247 inma
1636 2195 1726 2249 iurenti

1226 2249 1321 2302 Detulit
1332 2255 1419 2302 armari
1433 2255 1545 2306 classem.

1166 2332 1267 2387 Deinde
1288 2334 1423 2388 detortum
1446 2336 1641 2393 consuetudine
1664 2339 1689 2393 id
1711 2341 1820 2396 uerbum
1836 2344 1864 2398 in
1879 2344 1955 2414 peio-

1164 2436 1220 2475 rem
1242 2421 1478 2490 signiticariuneu,
1503 2436 1533 2480 ut
1557 2426 1687 2495 sigiriiieet
1701 2431 1839 2487 criminari
1858 2449 1955 2504 quoni·

1164 2528 1253 2582 quam,
1266 2523 1292 2568 ot
1307 2515 1409 2569 occulte
1423 2516 1585 2571 insimulare.
1601 2517 1756 2574 Juverralis:

1225 2604 1321 2653 Stoicus
1332 2606 1419 2654 occidit
1427 2605 1531 2656 boream
1548 2607 1644 2659 delator
1655 2611 1766 2662 amicum.

1162 2683 1306 2740 seniensi.

1198 2770 1328 2843 Percrusi]
1344 2773 1437 2828 ileiius
1451 2776 1504 2829 erit
1522 2776 1635 2845 perculsi
1652 2787 1681 2832 ut
1697 2778 1808 2848 legatur.
1826 2779 1872 2836 Sic
1884 2778 1952 2835 Cor·

1164 2862 1248 2917 nelias
1262 2862 1369 2917 Tacitus
1383 2881 1391 2915 ι
1407 2863 1534 2919 Percuio
1553 2866 1664 2929 Seireea,
1681 2878 1830 2938 promptum
1843 2869 1892 2925 luit
1902 2870 1949 2926 se

1163 2954 1237 3010 nium
1250 2954 1346 3008 Rutilum
1359 2955 1527 3011 imminuere.
1540 2960 1686 3014 donicens.

1197 3042 1357 3115 iiruisterio]
1386 3044 1515 3099 biberunt
1540 3049 1677 3102 seruitium
1703 3058 1731 3102 et
1760 3049 1948 3105 ministerium.

1162 3132 1304 3188 Servitium
1324 3137 1395 3189 enirn
1409 3135 1480 3190 sieut
1500 3148 1528 3191 et
1547 3140 1674 3201 seruitus,
1690 3138 1870 3194 corrditiuuem
1887 3141 1952 3195 rita

1163 3224 1304 3293 signiilcat,
1316 3240 1367 3291 ipua
1381 3225 1440 3292 uuis
1456 3225 1606 3281 libertatern
1621 3229 1725 3281 amitiit.
1742 3228 1884 3284 Tibullus:

1223 3313 1268 3363 ilic
1278 3316 1337 3364 nillil
1350 3309 1473 3364 saisitum
1487 3316 1566 3375 ildeb,
1577 3317 1745 3377 dominamus
1758 3326 1874 3382 pusiam,

1252 3376 1304 3424 iam
1317 3377 1375 3427 nrtbi
1386 3377 1487 3426 libertas
1498 3378 1538 3427 illa
1550 3387 1649 3440 palerna
1661 3380 1723 3429 sule.

1162 3454 1336 3511 llinisterinm
1349 3472 1414 3512 rere
1424 3473 1530 3512 omnem
1540 3474 1649 3528 opi-rana
1663 3476 1721 3528 orum
1732 3460 1812 3515 etiam
1824 3461 1864 3515 ((1
1877 3475 1950 3516 roer-

1162 3545 1229 3600 cede
1238 3547 1279 3601 uei
1291 3547 1384 3615 pararis
1397 3546 1550 3601 corrditioue
1563 3549 1706 3617 probetur.
1720 3552 1863 3604 lenirent.

1196 3637 1280 3691 Alieni
1292 3638 1362 3708 reris]
1377 3637 1427 3693 AEs
1440 3639 1556 3693 alienum
1570 3639 1637 3708 apud
1655 3648 1760 3695 veteres
1772 3641 1890 3695 debitum
1901 3656 1948 3696 ro-

1162 3737 1247 3782 catur.
1259 3727 1322 3784 ludu
1336 3738 1362 3784 et
1374 3729 1499 3783 iloratins
1510 3731 1537 3783 in
1551 3744 1568 3783 n
1586 3730 1764 3798 Epirotarum
1777 3730 1863 3784 diiii:

1406 3819 1461 3869 ileo
1471 3827 1525 3870 surii
1534 3833 1626 3883 pauper
1635 3822 1658 3871 iu
1671 3835 1730 3871 rere.

1161 3905 1243 3972 erasi
1255 3905 1375 3971 diceret,
1392 3904 1452 3974 lpse
1466 3921 1558 3974 parum
1576 3907 1654 3971 aeris,
1680 3906 1729 3960 line
1744 3919 1786 3960 est
1809 3906 1949 3976 pecunia,
2009 3918 2014 3927 ·

1162 3995 1262 4059 lrabeo;
1272 3997 1319 4050 sed
1336 4005 1387 4049 non
1398 3995 1485 4050 liabeo
1498 4012 1535 4052 ses
1545 3996 1674 4065 alienum,
1686 3997 1736 4050 iroc
1748 4008 1800 4063 est,
1812 3997 1877 4051 nulli
1887 4013 1949 4053 suaa

1160 4082 1273 4139 debitor.
1290 4084 1435 4140 bertreia.

1195 4171 1220 4225 F
1221 4172 1323 4244 rondes]
1336 4174 1486 4244 Aliquando
1501 4176 1573 4231 fraus
1585 4176 1674 4232 dolum
1687 4178 1795 4243 saalum,
1812 4177 1837 4232 id
1850 4188 1891 4233 cst
1901 4177 1948 4233 de·

1160 4265 1320 4336 ceptionem,
1332 4266 1474 4337 signillrat.
1487 4266 1579 4337 Virgil.
1593 4269 1619 4322 in
1632 4285 1656 4321 (ι
1673 4285 1680 4321 :

1406 4357 1436 4407 Et
1447 4359 1512 4407 iraus
1522 4362 1611 4408 innexa
1623 4359 1715 4410 clienti.

1158 4438 1308 4509 Aliquando
1330 4439 1457 4494 delictum
1484 4441 1629 4510 significat,
1658 4451 1688 4497 ut
1712 4441 1764 4496 bic.
1793 4441 1895 4498 Plinius
1919 4445 1947 4500 in

318 4534 390 4580 ΝΜ·
406 4523 496 4591 Neine
510 4523 581 4577 ‘¹¹1⁸'
592 4521 734 4574 idlb⁰d¹¹¹¹¹
750 4520 881 4574 ¹³¹‘0i5092
894 4529 979 4575 Plani·
994 4518 1032 4573 TO
1042 4534 1106 4574 'elil
1121 4533 1246 4612 Dprimo
1256 4531 1391 4587 Naturalis
1410 4533 1533 4588 llisiorim
1548 4553 1554 4587 ε
1569 4535 1672 4589 Nemini
1693 4536 1778 4589 iraurli
1799 4535 1863 4603 ioit,
1880 4552 1947 4607 quo·

318 4622 493 4668 narraverunt
514 4611 674 4680 permoleste
693 4609 774 4677 ierre,
788 4608 858 4679 qtrod
880 4625 895 4662 a
917 4610 1029 4678 publicis
1042 4610 1107 4664 ciri·

317 4706 379 4757 ratis
401 4702 622 4771 occupationibus
645 4711 671 4755 te
694 4701 809 4756 liberare
832 4715 886 4755 tion
908 4702 1009 4756 paleas.
1030 4700 1106 4767 Quod

317 4797 397 4865 ipiuu
408 4796 590 4850 dulcissimum
605 4795 667 4848 rita
682 4809 766 4861 penus
777 4795 813 4846 sit
827 4807 907 4861 agere
919 4806 978 4858 sira,
992 4806 1105 4861 praser-

316 4888 363 4940 tim
377 4885 398 4938 si
412 4885 471 4954 quis
485 4885 665 4951 taliaeiuperit
679 4881 808 4944 sarienda,
825 4881 912 4950 qrraiia
929 4889 967 4942 tu,
981 4881 1106 4937 omuibus

314 4976 400 5031 terne
411 4986 451 5029 est
466 4976 645 5029 manifestum.
662 4974 715 5029 Sed
729 4973 793 5028 illud
815 4988 921 5043 quoquae
938 4982 964 5028 te
981 4974 1106 5028 eorrside-

315 5082 375 5122 rare
390 5077 509 5135 oportet,
525 5069 627 5121 nulium
647 5077 767 5121 nostrum
791 5066 840 5121 sibi
861 5065 909 5119 soli
930 5074 1020 5119 natum
1033 5082 1103 5132 esse,

313 5157 361 5213 sed
375 5169 449 5212 ortus
461 5156 545 5211 nostri
562 5165 662 5224 partem
681 5155 731 5210 sibi
746 5155 861 5224 patriam
877 5153 1028 5215 uindicare,
1044 5170 1104 5223 par·

313 5259 366 5304 tem
390 5256 530 5318 parentes,
553 5254 654 5313 partem
675 5245 801 5298 amiens:
825 5244 908 5297 intrita
931 5242 1040 5310 irurrper
1056 5257 1105 5310 pre

312 5346 461 5408 temporum
483 5335 638 5390 diuersitate
659 5333 736 5387 nobis
758 5331 902 5397 accidere,
927 5333 1023 5399 suibus
1050 5333 1102 5386 rita

312 5438 403 5484 nostra
416 5437 544 5497 occupata
557 5434 608 5481 est.
624 5424 741 5479 locante
757 5424 836 5493 igitur
851 5434 876 5480 te
893 5426 978 5494 patria
997 5426 1053 5495 ipsa
1068 5426 1101 5482 ad

312 5527 503 5598 rempublicam
518 5527 733 5599 gubernandam.
749 5526 894 5580 absurdum
918 5525 1006 5580 lorsau
1030 5537 1102 5581 esset

310 5634 363 5673 non
376 5634 482 5688 parere,
493 5621 641 5687 pnosertlm
656 5634 716 5674 curn
731 5619 809 5673 simui
824 5619 945 5685 enudat,
965 5626 995 5671 ut
1013 5619 1100 5671 aditus

311 5706 398 5771 pranis
415 5707 569 5761 bominibus
583 5707 769 5777 relinquatur:
786 5707 831 5774 qrri
847 5708 917 5761 nulla
932 5708 1015 5773 ipsius
1026 5708 1099 5777 qood

312 5790 439 5859 optimum
453 5801 510 5857 est,
527 5793 631 5850 ratione
654 5796 857 5862 proficiscuntur
875 5794 908 5848 sd
930 5794 1099 5861 publicabo

1158 4636 1264 4690 cunqrre
1279 4621 1358 4675 modo
1373 4633 1462 4689 posset
1475 4623 1540 4677 deos
1552 4624 1651 4680 coiere.
1665 4627 1811 4680 scurcula.

1193 4712 1323 4784 Censura]
1344 4712 1456 4781 Proprie
1477 4713 1610 4781 signifieat
1632 4715 1837 4783 magistratum,
1865 4732 1948 4785 quem

1158 4803 1225 4876 perit
1239 4818 1345 4858 censor.
1365 4802 1448 4855 Erant
1461 4812 1548 4856 autem
1565 4803 1619 4856 diro
1633 4818 1761 4858 censores
1776 4804 1883 4872 llornas,
1899 4808 1946 4876 qut

1157 4893 1293 4949 censermo
1307 4894 1415 4961 populo,
1427 4890 1477 4945 boe
1492 4901 1532 4945 est
1544 4893 1717 4946 numerandis
1729 4893 1836 4948 civibus
1849 4896 1947 4950 llomo·

1158 4986 1214 5049 uis,
1230 4996 1257 5039 et
1275 4986 1402 5054 citiusque
1415 4983 1518 5047 cerasui,
1534 4982 1585 5036 lroe
1598 4995 1639 5037 est
1652 4983 1754 5039 diuitiis
1768 4985 1946 5053 nstiorsndis,

1157 5084 1290 5147 praeerant
1300 5086 1327 5130 et
1342 5074 1461 5128 moribus
1477 5089 1485 5129 r
1501 5072 1608 5127 utrdcet
1620 5075 1738 5143 nragistri
1752 5090 1856 5129 ruorrrm
1870 5075 1945 5130 dice-

1156 5168 1262 5221 bantur.
1277 5164 1351 5220 Uude
1361 5163 1497 5218 iuvenalis
1513 5180 1520 5216 :

1217 5255 1266 5306 Dat
1275 5256 1369 5303 reniam
1385 5255 1473 5309 corvis,
1484 5260 1558 5303 uexat
1568 5265 1673 5303 censura
1685 5252 1817 5302 columbas.

1157 5336 1205 5393 libi
1220 5346 1308 5390 tannen
1324 5353 1371 5406 per
1380 5335 1566 5406 synecduelreu
1576 5346 1624 5404 pro
1635 5335 1792 5389 censoribus
1802 5334 1943 5404 accipitur,

1157 5429 1201 5483 iric
1213 5425 1306 5481 itidem
1321 5443 1370 5495 per
1387 5426 1573 5498 synecdochen
1588 5442 1636 5495 pro
1649 5424 1802 5496 sopiritiune
1815 5426 1859 5480 rel
1872 5425 1946 5494 judi·

1156 5524 1199 5575 cio
1210 5518 1331 5573 censoris
1342 5516 1450 5570 dicitur.
1466 5519 1611 5570 lanienis.

1190 5607 1309 5681 AEdiuur]
1334 5608 1417 5663 AEdos
1438 5607 1564 5677 singulari
1587 5620 1697 5661 sanmuro
1717 5620 1765 5674 pro
1784 5618 1862 5659 saera
1887 5604 1945 5659 arla

1155 5702 1280 5773 parturitur:
1296 5700 1336 5753 sic
1349 5697 1474 5752 dicebant
1492 5702 1616 5749 veteres:
1633 5695 1717 5749 aliern
1732 5692 1836 5762 leste,
1856 5693 1943 5748 adera

1153 5791 1308 5849 Concordia
1323 5805 1369 5860 pro
1385 5789 1506 5858 templis3
1521 5789 1614 5858 plurali
1630 5802 1693 5845 vero
1712 5801 1823 5856 numero
1839 5795 1941 5843 uuluam
