4248 6262
333 422 380 480 bi!
972 421 1177 480 =tldttlttsbAE
1196 422 1295 480 PAPAE
1903 426 1958 485 stt

332 536 480 608 discipulis,
493 535 625 592 dicentem
643 547 653 588 .·
673 531 764 588 l’neetn
779 549 860 589 nucum
874 534 907 588 do
922 534 1009 602 ruiis,
1026 550 1114 600 pacem
1129 536 1154 595 Α
1169 543 1197 589 ιι
1211 534 1332 605 alloquor
1345 534 1452 590 beatum
1470 542 1566 591 reabse
1579 534 1729 591 sanctitatis
1742 543 1833 605 caput,
1851 538 1955 608 signill-

332 630 444 697 relinqne
459 627 528 680 nodis
542 623 718 696 (Jonrr.·str).
737 623 822 690 Quam
842 637 891 677 rus
912 623 1028 693 religiosi
1051 638 1116 678 cura
1166 639 1231 679 carns
1244 624 1371 680 cnttnrnd
1385 639 1433 681 nos
1444 624 1529 681 beatae
1544 625 1602 681 sedi
1613 624 1787 680 sacratissimi
1803 625 1876 683 Petri
1888 643 1954 699 apu-

332 716 469 787 propusiti,
485 715 598 770 bomine
610 714 756 781 aspirante,
779 712 958 781 procidentes,
974 713 1008 767 de
1022 712 1115 768 nrtbu-
1165 714 1226 770 stoli
1238 754 1246 781 ‚
1260 715 1331 784 quud
1346 715 1391 768 tali
1412 716 1513 786 regitur
1529 731 1608 770 rnanu
1623 730 1684 785 quae
1697 715 1816 783 suscepit
1835 730 1887 771 uon
1907 718 1954 786 qui

331 809 406 863 tlursan
426 806 568 863 cuticurdia
586 805 709 875 cogitatis
724 806 851 860 Ecclesiae
870 805 896 858 in
912 802 983 859 beati
1001 804 1113 873 apostoli
1166 807 1293 862 bonorem
1315 815 1431 874 raperet,
1452 806 1499 861 scd
1514 806 1558 877 qui
1573 816 1714 875 raperetur
1725 806 1761 860 ab
1771 820 1816 875 co,
1832 814 1859 861 et
1872 806 1955 877 (sicat

332 899 400 955 l‘ctri
417 898 574 963 reuerentia,
588 896 678 951 diuina
693 896 813 966 speciaiit
832 912 845 950 r
860 905 992 966 precepta
1006 911 1115 952 serran-
1164 908 1254 952 sermo
1275 896 1413 964 untdptns
1429 895 1520 963 tradit,
1534 904 1562 951 et
1576 909 1626 950 nus
1644 895 1678 949 ita
1696 909 1727 950 se
1745 893 1845 949 babere
1862 895 1953 951 credi·

330 1004 380 1046 res.
398 994 463 1055 ilum
478 1004 522 1044 res
537 987 665 1055 maiorem
680 985 789 1047 sunnin
811 985 910 1040 latoris
931 983 1113 1041 defensionem
1165 988 1237 1054 murs)
1251 988 1407 1042 nutritorem
1428 986 1510 1056 pacis,
1526 996 1554 1041 ot
1568 996 1648 1042 rectae
1663 986 1723 1042 ltdei
1738 994 1910 1052 certatorem,
1924 997 1953 1043 et

329 1092 419 1138 restro
434 1088 557 1150 procurat
572 1078 693 1147 imperio.
711 1076 792 1131 ltcetc
809 1076 881 1130 eninr
897 1076 984 1131 oblata
1001 1076 1055 1131 beo
1069 1090 1114 1131 rc·
1164 1076 1314 1133 lrnntiiitate
1329 1077 1518 1149 (lrurrranitate)
1532 1078 1630 1132 metitis
1643 1086 1671 1132 ct
1684 1077 1795 1133 caritate
1807 1093 1865 1148 quae
1879 1078 1952 1133 eirca

330 1171 434 1228 iteratio
444 1168 675 1239 inexpugnabilem
691 1166 793 1221 rietatis
808 1166 940 1220 trientibus
951 1180 1055 1221 murum
1066 1164 1113 1220 de·
1163 1181 1214 1220 run
1233 1177 1273 1220 tus
1285 1175 1326 1222 est
1339 1178 1463 1237 tanquam
1477 1167 1606 1235 pretiosis
1620 1165 1751 1235 lapidibus
1764 1176 1932 1223 coronatum.

329 1258 457 1319 teutsinnin
467 1257 595 1326 indulget.
605 1254 719 1310 Proinde
732 1254 941 1321 orntripntentem
952 1251 1035 1306 llennt
1047 1249 1114 1308 lusis
1199 1256 1304 1311 Etenim
1315 1257 1523 1323 cunetateuolo,
1532 1254 1683 1311 uenerande
1694 1264 1782 1323 pater,
1791 1270 1950 1326 agnoscere,

329 1351 452 1420 precibus
466 1361 618 1413 exoramus,
635 1345 720 1411 utqui
736 1342 811 1398 nobis
829 1341 947 1397 studium
962 1338 1112 1410 quaerendae
1162 1344 1279 1414 quinties
1300 1346 1417 1415 andquis
1430 1347 1532 1401 sanctis
1546 1355 1574 1401 et
1587 1344 1746 1401 venerandis
1767 1344 1891 1402 Patribus
1904 1361 1950 1401 su·

329 1439 509 1497 Ecclesiarum
525 1436 598 1507 pacis
611 1432 732 1499 indulsit,
750 1433 805 1503 ipe
819 1446 925 1502 quoque
939 1430 989 1485 sub
1002 1444 1113 1487 conser-
1162 1432 1281 1502 seipiens
1297 1435 1370 1490 illitts
1382 1434 1465 1491 beatae
1478 1434 1550 1489 sedis
1563 1434 1687 1490 affectunt
1701 1450 1709 1487 a
1723 1433 1772 1505 (ιι.
1785 1436 1847 1490 ndu.
1861 1434 1899 1506 et)
1913 1436 1949 1490 ad

328 1529 432 1584 tatione
452 1527 591 1582 crriuiica
610 1527 684 1589 iidci,
698 1525 833 1581 desiderio
854 1536 945 1580 restro
966 1536 1047 1594 super
1063 1521 1112 1579 nae
1163 1524 1231 1578 batte
1247 1533 1371 1595 linquant
1392 1535 1527 1593 paternam
1543 1535 1642 1579 sortem
1661 1523 1832 1591 custodiens,
1848 1525 1949 1582 addere

327 1627 403 1688 parte
426 1626 535 1688 praestet
556 1616 691 1675 conexum.
720 1616 850 1671 Praeterea
875 1613 984 1669 directis
1005 1610 1038 1666 ad
1062 1623 1112 1665 nos
1162 1614 1286 1683 lrncnptn
1298 1622 1377 1683 atque
1388 1613 1495 1678 destino,
1509 1623 1538 1669 ιιι
1550 1616 1639 1669 tertiat
1649 1614 1675 1668 in
1690 1614 1742 1669 boc
1751 1615 1841 1669 studio
1855 1615 1948 1670 terrui·

327 1710 410 1765 sacris
435 1708 559 1764 aditibus
586 1707 870 1762 commensurationem
896 1701 981 1757 tancti
1004 1700 1110 1757 cutrcilii
1161 1717 1211 1755 titas
1232 1702 1304 1758 utilis
1325 1702 1487 1757 bdmnnitate
1504 1702 1611 1772 quidem
1626 1700 1732 1757 Dontini
1754 1713 1781 1757 et
1795 1701 1842 1757 lici
1860 1703 1947 1758 nostri

327 1797 415 1853 lacere
430 1796 513 1867 pietas
528 1806 613 1851 restra
628 1794 732 1863 dignata
745 1802 796 1848 cst.
812 1792 849 1846 lie
860 1805 910 1862 qna
931 1805 960 1845 rc
975 1798 1037 1844 tttuc
1052 1786 1109 1858 ple·
1160 1789 1224 1847 iesu
1240 1791 1351 1860 diuiso,
1367 1791 1605 1846 intercessionibus
1621 1800 1710 1845 atrtcru
1726 1791 1752 1844 in
1766 1791 1869 1846 cunctis
1883 1791 1949 1846 bea·

326 1889 464 1943 uissiutum
483 1887 630 1955 poterimus
645 1884 764 1954 pra-bere
778 1895 934 1951 responsum
948 1920 955 1944 ,
969 1895 1030 1934 cnm
1044 1893 1109 1934 cau·
1127 1883 1259 1951 plissimi
1281 1883 1395 1952 apostoli
1417 1883 1506 1946 Petri,
1528 1890 1556 1936 ιι
1575 1883 1601 1935 in
1617 1880 1742 1937 omnibus
1755 1879 1946 1950 sapientissimi

327 1991 382 2031 snm
393 1975 605 2046 congregationis
616 1989 664 2030 nos
678 1973 790 2029 rultrcrit
803 1973 941 2028 euidenter
952 1986 1108 2043 agnoscere·
1162 1971 1254 2039 Pmdi;
1274 1983 1301 2029 ut
1316 1974 1473 2029 venerandae
1494 1987 1586 2028 eorum
1601 1972 1657 2027 sedi
1677 1980 1703 2027 et
1717 1982 1769 2027 tute
1790 1972 1948 2027 beatitudini

327 2066 403 2124 Nunc
419 2080 484 2123 tero
497 2065 570 2136 quia,
586 2073 728 2136 praestante
744 2065 857 2119 bomine
871 2072 980 2129 nostro,
994 2062 1055 2116 data
1069 2070 1111 2117 est
1158 2064 1230 2133 juste
1242 2064 1347 2119 debitus
1362 2063 1447 2119 bonos
1461 2063 1626 2117 custudiatur
1652 2071 1732 2132 atque
1745 2060 1868 2117 reddatur
1881 2060 1946 2134 (ad-

326 2158 437 2214 iacnltas
449 2156 576 2227 alloquio,
592 2170 709 2226 congrua
723 2153 896 2211 ueneratione
910 2152 991 2208 detriti
1007 2151 1108 2220 penbe-
1160 2155 1258 2224 datur),
1274 2164 1300 2210 ut
1319 2156 1419 2211 nostris
1436 2153 1611 2223 temporibus,
1627 2153 1702 2208 uelut
1714 2152 1860 2208 secundum
1872 2153 1947 2222 pri..

326 2248 412 2303 bimus
435 2246 567 2302 sermonis
591 2245 689 2301 cilicia.
717 2244 781 2298 bata
804 2243 888 2312 pridie
901 2255 987 2296 nonas
1011 2240 1110 2309 Aprilis
1160 2245 1275 2314 eipattnn
1290 2245 1530 2315 sedisapostolicae
1544 2245 1673 2299 bonorem
1692 2251 1883 2315 congruentem
1896 2255 1945 2297 eu·

327 2338 517 2412 (annullomini
528 2337 603 2406 5¹5),
615 2336 752 2394 Elurentio
764 2338 822 2392 riro
831 2337 979 2392 clarissimo
988 2334 1108 2391 consule.
1160 2338 1265 2407 scipine,
1276 2338 1363 2392 nmnis
1373 2337 1503 2393 discordia
1518 2336 1636 2401 recedat.
1650 2344 1678 2391 et
1690 2333 1815 2390 Ecclesia
1825 2334 1944 2388 otnniuru

632 2446 796 2504 ppqupgg
1161 2440 1278 2484 resturu
1300 2429 1430 2485 cutbuiicn
1450 2428 1598 2492 roltrutate,
1622 2427 1726 2483 bunntrd
1747 2427 1826 2481 etiant
1847 2435 1874 2480 ct
1896 2425 1947 2481 lici

326 2551 456 2593 nonorner
482 2551 732 2591 rtrtssutosrceusrs
760 2548 874 2588 crisconi
902 2549 935 2587 nu
958 2546 1108 2587 mutarentur
1160 2519 1243 2573 “lilii
1257 2519 1320 2576 10³⁰
1333 2519 1489 2587 cur-irruet
1501 2517 1651 2573 N²⁸¹⁰i5¹¹m
1666 2525 1693 2572 0²
1706 2516 1878 2587 Εῑιῑιθιιιῑθῐῑ1
1893 2515 1948 2570 5¹¹¹·

631 2640 800 2680 dissiliret-:tta

327 2734 475 2803 Pordiqicent
488 2734 587 2799 lnrrdnt,
599 2736 667 2803 qnod
678 2732 799 2787 dionissius
812 2744 881 2786 curret
893 2734 1024 2797 tantitatem,
1036 2745 1110 2795 seque

359 2843 449 2898 cupere
460 2828 507 2892 nit,
521 2836 548 2880 nt
562 2826 686 2880 itereticis
699 2826 836 2889 dodrantis,
856 2825 975 2880 ilentnnoe
991 2825 1110 2878 Ecclesiae

358 2918 456 2972 debitur
469 2918 550 2971 iturrer
564 2926 707 2988 prestetur.

359 3007 452 3069 Sat-ro,
468 3005 622 3061 beatissimo
635 3015 662 3058 et
672 3003 857 3059 comittinistro
872 3019 946 3073 papae
963 3003 1109 3059 iinrmisdae

325 3098 473 3152 llorndtcus
501 3096 642 3167 episeopus
668 3094 917 3152 Thessalonicensis
944 3095 971 3150 in
998 3095 1109 3150 bomine

325 3189 447 3242 taltrtcnr.

360 3279 404 3331 dit
428 3277 542 3349 quodum
566 3279 626 3333 loco
649 3287 742 3334 cuneta
767 3278 937 3334 beatissimus
957 3278 1108 3334 diuinorum

325 3376 515 3435 praeceptorum
527 3382 652 3436 proruens
663 3368 789 3423 miracula
801 3368 946 3426 Salomon:
959 3370 1033 3426 Sicut
1042 3387 1110 3440 aquo

325 3458 421 3528 sriqidu
435 3459 529 3513 nrtinroe
542 3458 636 3513 sitienti
649 3461 734 3515 saurir
745 3470 792 3526 cst,
800 3462 837 3517 ric
848 3461 981 3531 leniqnurar
992 3465 1109 3516 truntirrnt

325 3547 471 3618 longinquis
484 3564 515 3601 cn
528 3549 601 3603 terris
616 3547 707 3615 (Pron.
724 3551 799 3621 asu).
825 3550 858 3605 Et
869 3566 946 3606 sacer
958 3550 1038 3605 liuvid
1052 3555 1107 3621 spi-

336 3636 446 3690 itualetn
462 3636 570 3703 pulsans
591 3637 674 3708 lyram
693 3639 803 3707 psnltit:
820 3639 902 3704 Quum
913 3643 1020 3711 speciosi
1033 3645 1109 3712 pedes

324 3742 412 3781 eorum
429 3728 473 3798 qni
492 3729 663 3798 eunnqdianut
683 3729 747 3783 iuno
768 3728 854 3800 (Rom.
873 3730 911 3801 rt),
933 3732 971 3786 sie
984 3731 1108 3801 equitent

323 3827 350 3875 ct
366 3831 413 3872 uos
424 3826 535 3874 cunctos
547 3819 657 3875 docens.
667 3818 799 3890 Quidquid
814 3830 902 3876 autern
914 3832 956 3876 cst
966 3822 1002 3877 ita
1012 3823 1108 3878 animm

324 3907 439 3963 bominis
449 3923 541 3977 suane,
550 3920 594 3964 ant
605 3910 641 3964 ita
657 3911 802 3982 impinguat
815 3924 887 3978 ossa,
897 3927 975 3983 qnam
986 3910 1108 3983 specioso

324 3998 417 4054 nuntio
432 4014 593 4070 cognoscere
606 4016 677 4057 rere
692 4001 764 4071 pacis
775 4002 953 4058 nundatorem
964 4018 973 4071 ς
986 4012 1013 4059 ιι
1027 4012 1108 4058 rectus

324 4103 457 4158 nunnunquam
479 4097 601 4144 errantes
619 4098 829 4160 propugnatores
844 4090 903 4146 lidei
924 4091 958 4146 ad
971 4091 1106 4147 Ecclesia-

322 4196 382 4235 rum
397 4189 549 4235 sanctarum
562 4180 677 4236 transire
688 4181 865 4252 gubernacula
876 4198 883 4247 ;
895 4191 922 4237 et
935 4190 1060 4251 tanquam
1073 4198 1107 4238 ea

323 4287 384 4328 arec
397 4272 510 4342 quadam
522 4272 555 4327 ad
569 4286 727 4327 corrscnsutn
741 4272 788 4328 ont
798 4288 962 4345 congregare
974 4277 1105 4345 dispersa,

322 4375 349 4421 ct
364 4368 491 4420 crrrrtinuo
511 4365 617 4432 quidem
638 4364 671 4419 ad
691 4364 866 4434 priucipatum
883 4375 933 4421 tna
948 4368 1020 4423 sedis
1033 4369 1107 4424 iesti-

323 4454 579 4521 ttntttes,vcnerandi
593 4455 682 4510 iratris
694 4456 933 4526 supplicationibus
946 4468 1103 4526 annuentes,

321 4557 348 4603 ct
362 4549 480 4603 membra
495 4548 631 4612 Ecclesia,
643 4563 703 4618 qute
713 4548 789 4603 rolris
803 4549 924 4605 Citristus
935 4561 962 4605 ιι
977 4552 1044 4606 bens
1058 4567 1106 4605 nu·

321 4651 376 4696 ster
387 4637 713 4703 eredidit‚contcmnentia
727 4638 799 4707 prins
808 4639 988 4696 corrcordiam.
1002 4641 1034 4694 ad
1047 4657 1105 4695 tunt·

321 4741 402 4786 tatem
417 4730 525 4794 renire;
547 4738 574 4785 et
593 4729 787 4798 praecedentem
808 4730 1024 4802 (praecidentem)
1039 4732 1105 4785 diri·

320 4822 441 4888 sionem,
457 4830 535 4890 atque
555 4821 680 4875 invidiaru
703 4828 799 4874 restrae
813 4828 913 4874 mittunt
930 4821 1105 4876 ordinationis

320 4911 453 4977 perimere
465 4912 567 4965 calculo
583 4912 740 4982 (clanculo),
756 4919 784 4966 et
798 4926 869 4965 truttc
883 4912 909 4965 in
935 4913 1104 4966 concordiam

320 5008 399 5069 atque
416 5002 571 5056 societatem
595 5004 731 5057 cunltuerc
751 5000 888 5074 (enudare,
909 5002 947 5054 net
969 5000 1104 5073 constare)

320 5108 426 5148 omnent
443 5092 584 5147 terminum
599 5103 699 5150 sancte
713 5095 784 5149 iilius
799 5092 947 5149 Ecclesitei

354 5184 417 5239 llaec
434 5182 585 5250 didicimus,
601 5200 652 5239 non
667 5195 728 5241 ante
744 5187 826 5241 ιιιιιιιι
844 5185 929 5254 spatia
952 5186 1101 5252 temporis:

318 5274 491 5346 sperabamus
500 5282 621 5328 autemut
632 5274 766 5345 antiquam
778 5274 998 5329 consuetudinem
1009 5288 1105 5344 cognu-

318 5376 423 5424 scentes
442 5363 584 5431 Ecclesiae,
599 5373 627 5420 et
645 5374 764 5420 restrum
778 5365 918 5420 audientes
934 5363 1061 5420 socialem
1077 5371 1104 5419 et

317 5454 578 5528 irreprebensibilem
592 5467 705 5517 morem,
721 5469 752 5508 ex
763 5455 860 5509 umeris
875 5451 971 5508 litteris
985 5453 1100 5508 lumime

318 5557 397 5617 atque
412 5546 592 5603 manilestiora
603 5544 835 5613 cognesceresen
850 5545 910 5613 quia
927 5552 1031 5611 ternpus
1046 5542 1102 5596 bie·

318 5637 368 5691 mis
382 5636 415 5691 nd
429 5638 486 5691 baec
501 5650 547 5690 rus
561 5630 694 5705 implenda
709 5632 852 5687 retinuisse
865 5632 1059 5696 consideratur,
1074 5640 1102 5686 ct

317 5734 419 5794 aptum,
442 5737 469 5783 et
491 5729 608 5783 debitum
632 5727 691 5793 luit,
716 5725 822 5796 plenam
842 5734 870 5780 et
885 5724 931 5780 liei
946 5725 1100 5780 amatricem

315 5818 452 5871 caritatem
467 5820 546 5873 etium
561 5820 655 5876 scabra
667 5816 845 5890 (senrpniosa)
860 5817 974 5873 transire
989 5834 995 5867 :
1011 5815 1100 5872 scribo

1160 2610 1229 2680 pius,
1250 2620 1277 2667 ct
1292 2613 1386 2668 trorum
1407 2624 1547 2667 serranus
1568 2610 1714 2680 dogmata,
1735 2617 1762 2664 et
1775 2608 1820 2678 qui
1834 2608 1946 2662 istorum

1159 2697 1274 2756 lucrose
1291 2710 1391 2757 tatores
1401 2711 1447 2757 aut
1459 2709 1577 2766 castam,
1590 2711 1618 2755 ιι
1630 2713 1735 2755 curnem
1747 2697 1871 2753 baeresim
1884 2711 1947 2751 ana·

1160 2791 1335 2848 thematiecut
1354 2804 1470 2862 semper,
1486 2801 1512 2846 ιι
1534 2799 1634 2845 rectam
1654 2799 1734 2859 atque
1754 2786 1946 2842 incontamina-

1159 2878 1241 2935 bilem
1254 2881 1332 2937 lldem
1344 2881 1540 2946 inconcussam,
1549 2888 1674 2950 tauquam
1685 2878 1830 2935 anchoram
1845 2887 1947 2933 certam

1159 2979 1238 3042 atque
1261 2971 1364 3026 demam
1387 2977 1504 3037 teneant,
1525 2979 1552 3027 ct
1570 2979 1664 3040 parertt
1676 2968 1731 3040 jam
1753 2982 1856 3038 pacem,
1872 2965 1947 3023 nullo

1160 3060 1241 3135 (quod
1252 3061 1334 3131 absit)
1345 3058 1505 3130 impediente
1515 3077 1522 3125 ;
1535 3059 1683 3130 pracsertim
1695 3056 1846 3113 uenerando
1858 3056 1946 3124 eapite

1160 3162 1250 3209 restro
1271 3151 1352 3223 (sicut
1371 3149 1522 3220 didicimus)
1546 3149 1669 3204 immines
1688 3148 1870 3204 contentiosos
1884 3146 1946 3201 lror·

1123 3240 1351 3312 crcrrtc,quibus
1361 3241 1448 3296 atrita
1463 3248 1491 3295 ιι
1500 3253 1562 3295 esca
1573 3250 1613 3295 est
1627 3239 1798 3295 sacerdotum
1814 3237 1860 3293 liei
1875 3237 1946 3293 inter

1160 3348 1191 3388 sc
1202 3331 1384 3389 altercantium
1393 3331 1525 3403 separatio
1541 3348 1547 3385 ι
1562 3330 1677 3400 quinon
1692 3329 1726 3384 ab
1737 3329 1860 3385 omnibus
1873 3328 1948 3383 telo*

1160 3424 1227 3479 citer
1247 3422 1356 3492 cogniti,
1377 3431 1501 3492 tartquam
1526 3420 1579 3491 lupi
1603 3420 1630 3475 in
1653 3419 1819 3476 uestimentis
1843 3420 1946 3486 etium,

1160 3512 1240 3567 iacile
1253 3512 1287 3567 ab
1300 3513 1445 3581 apostoliea
1460 3510 1581 3568 Ecclesia
1593 3510 1767 3578 repellantur.

1196 3599 1247 3656 lsta
1262 3614 1332 3655 nuuc
1346 3601 1441 3669 scripsi
1455 3601 1533 3656 beato
1547 3600 1626 3669 capiti
1643 3609 1731 3655 restro
1745 3613 1793 3670 per
1803 3596 1947 3655 Patricium

1159 3693 1243 3748 virum
1259 3692 1441 3762 spectabilem,
1461 3706 1631 3747 communem
1647 3688 1673 3746 dt
1685 3706 1739 3756 unt,
1762 3699 1789 3746 et
1802 3699 1946 3747 consuetu·

1159 3784 1230 3838 dinis
1239 3782 1335 3839 ellectu
1346 3796 1477 3853 superaus
1488 3782 1664 3849 rationem,et
1674 3781 1742 3837 circa
1753 3779 1826 3835 illam
1838 3780 1945 3835 beatam

1159 3873 1250 3930 sedern
1264 3874 1375 3928 caritate
1385 3872 1534 3937 deuinctus,
1547 3880 1575 3927 ct
1588 3872 1661 3926 omni
1677 3870 1719 3926 die
1733 3867 1825 3924 ridere
1836 3867 1946 3924 deside·

1159 3977 1222 4019 rans
1245 3958 1437 4033 congruentem
1459 3970 1539 4032 atquc
1561 3961 1677 4017 debitam
1701 3957 1900 4016 venerationem
1919 3957 1945 4014 ei

1158 4054 1271 4112 serrari.
1286 4052 1379 4110 Scribe
1390 4052 1479 4123 igitur,
1491 4053 1517 4108 in
1530 4054 1632 4108 cunctis
1643 4051 1682 4106 ιιιι
1694 4060 1729 4118 ιι,
1743 4058 1870 4120 tanquam
1880 4064 1946 4103 una·

1159 4147 1224 4202 trimi
1234 4156 1261 4202 et
1270 4144 1372 4214 optanti
1384 4144 1501 4199 animam
1509 4154 1613 4213 quoque
1623 4141 1723 4197 oiierre
1732 4155 1780 4211 pro
1792 4139 1843 4196 iude
1855 4139 1945 4194 urtin-

1157 4238 1226 4294 dosa
1240 4246 1267 4293 et
1277 4236 1457 4292 Ecclesiarum
1471 4249 1536 4304 pace
1548 4242 1709 4302 sanctarum,
1718 4242 1744 4288 et
1756 4242 1785 4288 ut
1797 4231 1945 4288 custodian·

1158 4324 1365 4382 turrcnerandae
1375 4324 1432 4379 sedi
1443 4323 1470 4378 in
1481 4321 1605 4377 omnibus
1617 4322 1686 4376 beati
1699 4321 1771 4377 Petri
1781 4320 1947 4375 contrenicrt·

1157 4418 1193 4471 tia
1209 4434 1215 4468 :
1231 4415 1302 4486 quod
1316 4414 1393 4469 incide
1407 4414 1462 4479 liet,
1478 4412 1600 4466 outinnta
1615 4412 1716 4466 unitate
1730 4419 1898 4475 cunctorum,
1916 4416 1947 4464 ct

1156 4507 1274 4562 omniura
1288 4506 1320 4559 ad
1334 4519 1381 4559 vus
1392 4513 1516 4573 tanquam
1527 4503 1561 4556 ad
1572 4501 1677 4557 sumum
1690 4500 1870 4556 lestinantium
1883 4514 1947 4570 por·

1084 4641 1090 4654 .
1119 4602 1224 4661 Dtunt.
1248 4595 1397 4652 birisinncs
1414 4595 1513 4649 etenim
1532 4599 1624 4647 centra
1639 4601 1814 4647 contemnere
1827 4602 1944 4644 consue·

1156 4696 1262 4754 rerurtt,
1278 4696 1305 4743 et
1319 4686 1406 4741 ordini
1419 4684 1540 4741 decentia
1556 4700 1608 4737 nun
1624 4683 1740 4737 ser'raut.
1757 4681 1872 4736 Omnem
1888 4677 1944 4734 ira·

1157 4779 1308 4833 tenuitatem
1319 4791 1379 4846 quae
1387 4785 1431 4831 est
1438 4784 1534 4831 restrae
1542 4772 1676 4828 sanctitati
1686 4771 1838 4839 conpuncta,
1845 4776 1873 4825 et
1882 4782 1943 4840 ego,

1159 4868 1248 4937 etqui
1268 4880 1370 4921 mecunt
1388 4873 1460 4930 sunt,
1477 4865 1592 4918 multum
1610 4865 1635 4917 in
1657 4861 1769 4915 bomine
1786 4859 1945 4914 salutamus.

1163 4960 1197 5016 Et
1209 4962 1261 5014 ulia
1283 4974 1360 5012 mend
1374 4975 1381 5012 ε
1396 4956 1496 5011 Scituri
1512 4971 1554 5011 me
1568 4956 1594 5009 in
1611 4953 1722 5008 bertuino
1736 4959 1819 5019 orate,
1833 4949 1944 5004 sanctis·

1161 5051 1221 5105 simi
1235 5058 1261 5105 et
1272 5049 1418 5104 beatissimi
1434 5048 1536 5103 Patres.
1556 5048 1671 5114 decepta
1691 5043 1802 5113 epistula
1819 5041 1962 5097 ltorotltei·

1160 5143 1280 5213 episcopi
1291 5138 1539 5195 Thessalonicensis
1556 5135 1681 5192 Ecclesiae
1697 5138 1777 5188 missa
1795 5147 1843 5202 per
1861 5130 1946 5185 Patri·

1158 5236 1228 5289 cinm
1251 5232 1282 5285 ll.
1303 5231 1332 5286 C.
1351 5231 1399 5286 sub
1418 5230 1478 5284 data
1504 5227 1569 5301 (die)
1591 5229 1683 5298 quinto
1704 5225 1828 5282 calendas
1847 5222 1945 5293 ilprilis

1158 5324 1241 5394 (antro
1253 5318 1358 5374 bomini
1369 5318 1586 5388 attaminando
1596 5318 1655 5372 rire
1665 5315 1813 5372 clarissime
1823 5312 1943 5369 consule.

1437 5428 1602 5485 tersione
1623 5428 1664 5483 ill.

1222 5537 1256 5576 nu
1275 5535 1432 5575 uonorueuu
1451 5534 1712 5575 russsttonrcertsnrt
1727 5530 1869 5572 conscensu

1159 5631 1259 5686 Loudnt
1273 5636 1329 5702 ejus
1350 5633 1467 5701 pietatem
1481 5641 1504 5687 ιι
1517 5632 1633 5686 studium
1646 5631 1672 5683 irt
1691 5627 1835 5682 Romanam
1847 5626 1945 5680 mrtem.

1194 5723 1372 5779 Dilectissimo
1395 5722 1471 5780 iratri
1496 5723 1632 5778 buruttneu
1653 5719 1779 5790 episcopo
1804 5717 1944 5772 llnrruisdn

1154 5813 1304 5883 episcopus.
