<?xml version="1.0" encoding="UTF-8"?>
<!DOCTYPE html PUBLIC "-//W3C//DTD XHTML 1.0 Transitional//EN"
    "http://www.w3.org/TR/xhtml1/DTD/xhtml1-transitional.dtd">
<html xmlns="http://www.w3.org/1999/xhtml" xml:lang="en" lang="en">
 <head>
  <title>
</title>
<meta http-equiv="Content-Type" content="text/html;charset=utf-8" />
  <meta name='ocr-system' content='tesseract 3.04.00' />
  <meta name='ocr-capabilities' content='ocr_page ocr_carea ocr_par ocr_line ocrx_word'/>
</head>
<body>
  <div class='ocr_page' id='page_1' title='image "./patrologiaecurs204unkngoog_0488.png"; bbox 0 0 4188 6266; ppageno 0'>
   <div class='ocr_carea' id='block_1_1' title="bbox 190 279 239 337">
    <p class='ocr_par' dir='ltr' id='par_1_1' title="bbox 190 279 239 337">
     <span class='ocr_line' id='line_1_1' title="bbox 190 279 239 337; baseline 0 0"><span class='ocrx_word' id='word_1_1' title='bbox 190 279 239 337; x_wconf 80' lang='lat' dir='ltr'>titii</span> 
     </span>
    </p>
   </div>
   <div class='ocr_carea' id='block_1_2' title="bbox 632 282 1216 340">
    <p class='ocr_par' dir='ltr' id='par_1_2' title="bbox 632 282 1216 340">
     <span class='ocr_line' id='line_1_2' title="bbox 632 282 1216 340; baseline 0.002 -1"><span class='ocrx_word' id='word_1_2' title='bbox 632 334 635 339; x_wconf 28' lang='lat'><strong>⁴</strong></span> <span class='ocrx_word' id='word_1_3' title='bbox 755 282 942 339; x_wconf 75' lang='lat' dir='ltr'>tibitttuibti</span> <span class='ocrx_word' id='word_1_4' title='bbox 961 283 1216 340; x_wconf 76' lang='lat' dir='ltr'>cobusuittttt.</span> 
     </span>
    </p>
   </div>
   <div class='ocr_carea' id='block_1_3' title="bbox 1681 240 1909 351">
    <p class='ocr_par' dir='ltr' id='par_1_3' title="bbox 1681 240 1909 351">
     <span class='ocr_line' id='line_1_3' title="bbox 1681 240 1909 351; baseline 0.004 0"><span class='ocrx_word' id='word_1_5' title='bbox 1681 240 1909 351; x_wconf 66' lang='grc' dir='ltr'>,ια’</span> 
     </span>
    </p>
   </div>
   <div class='ocr_carea' id='block_1_4' title="bbox 226 395 1816 469">
    <p class='ocr_par' dir='ltr' id='par_1_4' title="bbox 226 395 1816 469">
     <span class='ocr_line' id='line_1_4' title="bbox 226 395 1816 469; baseline 0.003 -18"><span class='ocrx_word' id='word_1_6' title='bbox 226 397 409 469; x_wconf 76' lang='lat' dir='ltr'>insidentibus]</span> <span class='ocrx_word' id='word_1_7' title='bbox 426 398 529 452; x_wconf 85' lang='lat' dir='ltr'>insideo</span> <span class='ocrx_word' id='word_1_8' title='bbox 543 396 653 451; x_wconf 77' lang='lat' dir='ltr'>seilicet</span> <span class='ocrx_word' id='word_1_9' title='bbox 674 397 767 451; x_wconf 87' lang='lat' dir='ltr'>scitam</span> <span class='ocrx_word' id='word_1_10' title='bbox 790 397 915 460; x_wconf 78' lang='lat' dir='ltr'>dicimus,</span> <span class='ocrx_word' id='word_1_11' title='bbox 930 398 976 453; x_wconf 89' lang='lat' dir='ltr'>sed</span> <span class='ocrx_word' id='word_1_12' title='bbox 991 400 1120 458; x_wconf 73' lang='lat' dir='ltr'>,isumus</span> <span class='ocrx_word' id='word_1_13' title='bbox 1134 399 1280 466; x_wconf 88' lang='lat' dir='ltr'>sapientes,</span> <span class='ocrx_word' id='word_1_14' title='bbox 1294 395 1364 466; x_wconf 91' lang='lat' dir='ltr'>quod</span> <span class='ocrx_word' id='word_1_15' title='bbox 1379 406 1500 451; x_wconf 88' lang='lat' dir='ltr'>naturam</span> <span class='ocrx_word' id='word_1_16' title='bbox 1513 398 1638 467; x_wconf 76' lang='lat' dir='ltr'>optimam</span> <span class='ocrx_word' id='word_1_17' title='bbox 1649 399 1743 453; x_wconf 85' lang='lat' dir='ltr'>ducant</span> <span class='ocrx_word' id='word_1_18' title='bbox 1756 410 1816 456; x_wconf 87' lang='lat' dir='ltr'>tau·</span> 
     </span>
    </p>
   </div>
   <div class='ocr_carea' id='block_1_5' title="bbox 189 488 795 644">
    <p class='ocr_par' dir='ltr' id='par_1_5' title="bbox 189 488 795 644">
     <span class='ocr_line' id='line_1_5' title="bbox 189 488 351 540; baseline 0 0"><span class='ocrx_word' id='word_1_19' title='bbox 189 488 241 540; x_wconf 89' lang='lat' dir='ltr'>boc</span> <span class='ocrx_word' id='word_1_20' title='bbox 254 489 351 540; x_wconf 90' lang='lat' dir='ltr'>rarius.</span> 
     </span>
     <span class='ocr_line' id='line_1_6' title="bbox 224 572 795 644; baseline -0.002 -16"><span class='ocrx_word' id='word_1_21' title='bbox 224 574 313 643; x_wconf 75' lang='lat' dir='ltr'>liepioe</span> <span class='ocrx_word' id='word_1_22' title='bbox 326 572 422 644; x_wconf 85' lang='lat' dir='ltr'>fondis]</span> <span class='ocrx_word' id='word_1_23' title='bbox 437 574 533 628; x_wconf 80' lang='lat' dir='ltr'>Laudis</span> <span class='ocrx_word' id='word_1_24' title='bbox 543 573 700 628; x_wconf 68' lang='lat' dir='ltr'><strong>&#39;theodorici</strong></span> <span class='ocrx_word' id='word_1_25' title='bbox 716 574 795 643; x_wconf 88' lang='lat' dir='ltr'>regis.</span> 
     </span>
    </p>
   </div>
   <div class='ocr_carea' id='block_1_6' title="bbox 222 663 977 737">
    <p class='ocr_par' dir='ltr' id='par_1_6' title="bbox 222 663 977 737">
     <span class='ocr_line' id='line_1_7' title="bbox 222 663 977 737; baseline -0.004 -20"><span class='ocrx_word' id='word_1_26' title='bbox 222 663 257 719; x_wconf 88' lang='lat' dir='ltr'>la</span> <span class='ocrx_word' id='word_1_27' title='bbox 270 663 348 737; x_wconf 70' lang='lat' dir='ltr'>drea]</span> <span class='ocrx_word' id='word_1_28' title='bbox 361 665 454 719; x_wconf 79' lang='lat' dir='ltr'>Circus</span> <span class='ocrx_word' id='word_1_29' title='bbox 474 664 566 718; x_wconf 76' lang='lat' dir='ltr'>Roartre</span> <span class='ocrx_word' id='word_1_30' title='bbox 589 664 663 718; x_wconf 90' lang='lat' dir='ltr'>loeus</span> <span class='ocrx_word' id='word_1_31' title='bbox 679 664 728 718; x_wconf 90' lang='lat' dir='ltr'>fuit</span> <span class='ocrx_word' id='word_1_32' title='bbox 749 663 891 719; x_wconf 87' lang='lat' dir='ltr'>a&#39;dmodunt</span> <span class='ocrx_word' id='word_1_33' title='bbox 915 676 977 731; x_wconf 88' lang='lat' dir='ltr'>spa-</span> 
     </span>
    </p>
   </div>
   <div class='ocr_carea' id='block_1_7' title="bbox 189 754 974 825">
    <p class='ocr_par' dir='ltr' id='par_1_7' title="bbox 189 754 974 825">
     <span class='ocr_line' id='line_1_8' title="bbox 189 754 974 825; baseline -0.006 -14"><span class='ocrx_word' id='word_1_34' title='bbox 189 757 283 820; x_wconf 87' lang='lat' dir='ltr'>tiosus,</span> <span class='ocrx_word' id='word_1_35' title='bbox 297 767 325 811; x_wconf 90' lang='lat' dir='ltr'>et</span> <span class='ocrx_word' id='word_1_36' title='bbox 339 756 423 810; x_wconf 80' lang='lat' dir='ltr'>turbae</span> <span class='ocrx_word' id='word_1_37' title='bbox 443 769 543 824; x_wconf 79' lang='lat' dir='ltr'>capras,</span> <span class='ocrx_word' id='word_1_38' title='bbox 558 754 710 825; x_wconf 67' lang='lat' dir='ltr'>spectandis</span> <span class='ocrx_word' id='word_1_39' title='bbox 728 754 798 810; x_wconf 89' lang='lat' dir='ltr'>ludis</span> <span class='ocrx_word' id='word_1_40' title='bbox 813 755 933 815; x_wconf 69' lang='lat' dir='ltr'>idoneus}</span> <span class='ocrx_word' id='word_1_41' title='bbox 949 755 974 807; x_wconf 92' lang='lat' dir='ltr'>in</span> 
     </span>
    </p>
   </div>
   <div class='ocr_carea' id='block_1_8' title="bbox 1003 486 1813 557">
    <p class='ocr_par' dir='ltr' id='par_1_8' title="bbox 1003 486 1813 557">
     <span class='ocr_line' id='line_1_9' title="bbox 1003 486 1813 557; baseline 0.006 -17"><span class='ocrx_word' id='word_1_42' title='bbox 1003 488 1006 495; x_wconf 84' lang='grc'><strong>“</strong></span> <span class='ocrx_word' id='word_1_43' title='bbox 1029 504 1108 555; x_wconf 86' lang='lat' dir='ltr'>quam</span> <span class='ocrx_word' id='word_1_44' title='bbox 1133 490 1214 541; x_wconf 80' lang='lat' dir='ltr'>licum</span> <span class='ocrx_word' id='word_1_45' title='bbox 1236 486 1383 555; x_wconf 79' lang='lat' dir='ltr'>sequimur,</span> <span class='ocrx_word' id='word_1_46' title='bbox 1397 488 1477 557; x_wconf 89' lang='lat' dir='ltr'>eique</span> <span class='ocrx_word' id='word_1_47' title='bbox 1500 498 1665 557; x_wconf 89' lang='lat' dir='ltr'>paremus,a</span> <span class='ocrx_word' id='word_1_48' title='bbox 1686 503 1737 557; x_wconf 89' lang='lat' dir='ltr'>qua</span> <span class='ocrx_word' id='word_1_49' title='bbox 1760 506 1813 546; x_wconf 92' lang='lat' dir='ltr'>non</span> 
     </span>
    </p>
   </div>
   <div class='ocr_carea' id='block_1_9' title="bbox 1026 575 1815 828">
    <p class='ocr_par' dir='ltr' id='par_1_9' title="bbox 1026 575 1815 828">
     <span class='ocr_line' id='line_1_10' title="bbox 1028 575 1814 644; baseline 0.005 -16"><span class='ocrx_word' id='word_1_50' title='bbox 1028 575 1173 628; x_wconf 77' lang='lat' dir='ltr'>uerisimile</span> <span class='ocrx_word' id='word_1_51' title='bbox 1187 584 1243 640; x_wconf 90' lang='lat' dir='ltr'>est,</span> <span class='ocrx_word' id='word_1_52' title='bbox 1257 588 1318 628; x_wconf 91' lang='lat' dir='ltr'>oum</span> <span class='ocrx_word' id='word_1_53' title='bbox 1333 583 1438 630; x_wconf 75' lang='lat' dir='ltr'>caetera</span> <span class='ocrx_word' id='word_1_54' title='bbox 1452 586 1542 644; x_wconf 86' lang='lat' dir='ltr'>partas</span> <span class='ocrx_word' id='word_1_55' title='bbox 1561 577 1648 629; x_wconf 81' lang='lat' dir='ltr'>atatis</span> <span class='ocrx_word' id='word_1_56' title='bbox 1670 576 1740 632; x_wconf 88' lang='lat' dir='ltr'>bono</span> <span class='ocrx_word' id='word_1_57' title='bbox 1752 577 1814 632; x_wconf 83' lang='lat' dir='ltr'>das·</span> 
     </span>
     <span class='ocr_line' id='line_1_11' title="bbox 1027 661 1814 751; baseline 0.006 -33"><span class='ocrx_word' id='word_1_58' title='bbox 1027 665 1119 733; x_wconf 79' lang='lat' dir='ltr'>criptae</span> <span class='ocrx_word' id='word_1_59' title='bbox 1132 666 1195 728; x_wconf 89' lang='lat' dir='ltr'>sint,</span> <span class='ocrx_word' id='word_1_60' title='bbox 1208 675 1356 719; x_wconf 83' lang='lat' dir='ltr'>ertrctnum</span> <span class='ocrx_word' id='word_1_61' title='bbox 1367 672 1454 720; x_wconf 89' lang='lat' dir='ltr'>actum</span> <span class='ocrx_word' id='word_1_62' title='bbox 1466 675 1590 736; x_wconf 87' lang='lat' dir='ltr'>tauquam</span> <span class='ocrx_word' id='word_1_63' title='bbox 1601 666 1636 720; x_wconf 89' lang='lat' dir='ltr'>ab</span> <span class='ocrx_word' id='word_1_64' title='bbox 1646 669 1725 721; x_wconf 84' lang='lat' dir='ltr'>inerti</span> <span class='ocrx_word' id='word_1_65' title='bbox 1736 661 1814 751; x_wconf 70' lang='lat' dir='ltr'>poeta</span> 
     </span>
     <span class='ocr_line' id='line_1_12' title="bbox 1026 754 1815 828; baseline 0.01 -22"><span class='ocrx_word' id='word_1_66' title='bbox 1026 767 1086 806; x_wconf 87' lang='lat' dir='ltr'>esse</span> <span class='ocrx_word' id='word_1_67' title='bbox 1105 754 1267 822; x_wconf 86' lang='lat' dir='ltr'>neglectum.</span> <span class='ocrx_word' id='word_1_68' title='bbox 1284 754 1358 821; x_wconf 86' lang='lat' dir='ltr'>idem</span> <span class='ocrx_word' id='word_1_69' title='bbox 1383 757 1410 808; x_wconf 93' lang='lat' dir='ltr'>iu</span> <span class='ocrx_word' id='word_1_70' title='bbox 1433 756 1528 810; x_wconf 91' lang='lat' dir='ltr'>eodem</span> <span class='ocrx_word' id='word_1_71' title='bbox 1541 774 1548 810; x_wconf 83' lang='lat' dir='ltr'>r</span> <span class='ocrx_word' id='word_1_72' title='bbox 1563 756 1628 824; x_wconf 76' lang='lat' dir='ltr'>Qua</span> <span class='ocrx_word' id='word_1_73' title='bbox 1650 768 1714 813; x_wconf 91' lang='lat' dir='ltr'>sunt</span> <span class='ocrx_word' id='word_1_74' title='bbox 1733 754 1815 828; x_wconf 88' lang='lat' dir='ltr'>igitur</span> 
     </span>
    </p>
   </div>
   <div class='ocr_carea' id='block_1_10' title="bbox 190 842 1812 917">
    <p class='ocr_par' dir='ltr' id='par_1_10' title="bbox 190 842 1812 917">
     <span class='ocr_line' id='line_1_13' title="bbox 190 842 1812 917; baseline 0.001 -16"><span class='ocrx_word' id='word_1_75' title='bbox 190 864 245 917; x_wconf 94' lang='lat' dir='ltr'>quo</span> <span class='ocrx_word' id='word_1_76' title='bbox 255 856 282 901; x_wconf 88' lang='lat' dir='ltr'>et</span> <span class='ocrx_word' id='word_1_77' title='bbox 297 861 406 901; x_wconf 90' lang='lat' dir='ltr'>munera</span> <span class='ocrx_word' id='word_1_78' title='bbox 418 844 489 914; x_wconf 81' lang='lat' dir='ltr'>(quae</span> <span class='ocrx_word' id='word_1_79' title='bbox 504 844 613 899; x_wconf 73' lang='lat' dir='ltr'>missilia</span> <span class='ocrx_word' id='word_1_80' title='bbox 626 843 793 914; x_wconf 73' lang='lat' dir='ltr'>dicebamur)</span> <span class='ocrx_word' id='word_1_81' title='bbox 810 848 844 898; x_wconf 85' lang='lat' dir='ltr'>ab</span> <span class='ocrx_word' id='word_1_82' title='bbox 854 843 976 897; x_wconf 72' lang='lat' dir='ltr'>aedilibus</span> <span class='ocrx_word' id='word_1_83' title='bbox 1027 842 1173 910; x_wconf 79' lang='lat' dir='ltr'>voluptates</span> <span class='ocrx_word' id='word_1_84' title='bbox 1188 857 1328 911; x_wconf 89' lang='lat' dir='ltr'>corporum</span> <span class='ocrx_word' id='word_1_85' title='bbox 1343 858 1403 898; x_wconf 90' lang='lat' dir='ltr'>cum</span> <span class='ocrx_word' id='word_1_86' title='bbox 1418 845 1584 901; x_wconf 76' lang='lat' dir='ltr'>auctoritatis</span> <span class='ocrx_word' id='word_1_87' title='bbox 1602 846 1720 915; x_wconf 76' lang='lat' dir='ltr'>premiis</span> <span class='ocrx_word' id='word_1_88' title='bbox 1733 862 1812 904; x_wconf 82' lang='lat' dir='ltr'>com·</span> 
     </span>
    </p>
   </div>
   <div class='ocr_carea' id='block_1_11' title="bbox 188 932 975 1003">
    <p class='ocr_par' dir='ltr' id='par_1_11' title="bbox 188 932 975 1003">
     <span class='ocr_line' id='line_1_14' title="bbox 188 932 975 1003; baseline -0.01 -9"><span class='ocrx_word' id='word_1_89' title='bbox 188 938 376 994; x_wconf 78' lang='lat' dir='ltr'>consulibusae</span> <span class='ocrx_word' id='word_1_90' title='bbox 390 934 415 988; x_wconf 94' lang='lat' dir='ltr'>iu</span> <span class='ocrx_word' id='word_1_91' title='bbox 433 934 575 1003; x_wconf 87' lang='lat' dir='ltr'>populant,</span> <span class='ocrx_word' id='word_1_92' title='bbox 590 934 623 988; x_wconf 89' lang='lat' dir='ltr'>ad</span> <span class='ocrx_word' id='word_1_93' title='bbox 636 934 694 1003; x_wconf 89' lang='lat' dir='ltr'>ejus</span> <span class='ocrx_word' id='word_1_94' title='bbox 716 934 831 991; x_wconf 82' lang='lat' dir='ltr'>favorem</span> <span class='ocrx_word' id='word_1_95' title='bbox 847 932 897 990; x_wconf 88' lang='lat' dir='ltr'>sibi</span> <span class='ocrx_word' id='word_1_96' title='bbox 920 948 975 988; x_wconf 88' lang='lat' dir='ltr'>ma·</span> 
     </span>
    </p>
   </div>
   <div class='ocr_carea' id='block_1_12' title="bbox 186 1023 972 1365">
    <p class='ocr_par' dir='ltr' id='par_1_12' title="bbox 188 1023 667 1099">
     <span class='ocr_line' id='line_1_15' title="bbox 188 1023 667 1099; baseline -0.008 -17"><span class='ocrx_word' id='word_1_97' title='bbox 188 1030 230 1099; x_wconf 89' lang='lat' dir='ltr'>gis</span> <span class='ocrx_word' id='word_1_98' title='bbox 242 1024 450 1091; x_wconf 89' lang='lat' dir='ltr'>conciliandum,</span> <span class='ocrx_word' id='word_1_99' title='bbox 463 1023 667 1093; x_wconf 71' lang='lat' dir='ltr'>spargebantur.</span> 
     </span>
    </p>

    <p class='ocr_par' dir='ltr' id='par_1_13' title="bbox 224 1113 623 1186">
     <span class='ocr_line' id='line_1_16' title="bbox 224 1113 623 1186; baseline -0.013 -16"><span class='ocrx_word' id='word_1_100' title='bbox 224 1113 352 1186; x_wconf 78' lang='lat' dir='ltr'>literam]</span> <span class='ocrx_word' id='word_1_101' title='bbox 367 1113 493 1168; x_wconf 84' lang='lat' dir='ltr'>Filiorum</span> <span class='ocrx_word' id='word_1_102' title='bbox 508 1123 623 1166; x_wconf 78' lang='lat' dir='ltr'>tutorum.</span> 
     </span>
    </p>

    <p class='ocr_par' dir='ltr' id='par_1_14' title="bbox 186 1198 972 1365">
     <span class='ocr_line' id='line_1_17' title="bbox 222 1198 972 1272; baseline -0.009 -14"><span class='ocrx_word' id='word_1_103' title='bbox 222 1201 339 1272; x_wconf 83' lang='lat' dir='ltr'>lfedias]</span> <span class='ocrx_word' id='word_1_104' title='bbox 361 1201 462 1256; x_wconf 87' lang='lat' dir='ltr'>ifedios</span> <span class='ocrx_word' id='word_1_105' title='bbox 480 1201 612 1270; x_wconf 89' lang='lat' dir='ltr'>quondam</span> <span class='ocrx_word' id='word_1_106' title='bbox 634 1200 708 1254; x_wconf 89' lang='lat' dir='ltr'>locus</span> <span class='ocrx_word' id='word_1_107' title='bbox 735 1198 785 1253; x_wconf 90' lang='lat' dir='ltr'>fuit</span> <span class='ocrx_word' id='word_1_108' title='bbox 809 1199 972 1263; x_wconf 89' lang='lat' dir='ltr'>ltouoratus,</span> 
     </span>
     <span class='ocr_line' id='line_1_18' title="bbox 186 1276 972 1365; baseline -0.005 -14"><span class='ocrx_word' id='word_1_109' title='bbox 186 1296 317 1365; x_wconf 73' lang='lat' dir='ltr'>tinuoque</span> <span class='ocrx_word' id='word_1_110' title='bbox 338 1295 406 1361; x_wconf 89' lang='lat' dir='ltr'>apud</span> <span class='ocrx_word' id='word_1_111' title='bbox 430 1276 571 1348; x_wconf 84' lang='lat' dir='ltr'>nottnnilos</span> <span class='ocrx_word' id='word_1_112' title='bbox 590 1302 641 1347; x_wconf 90' lang='lat' dir='ltr'>est.</span> <span class='ocrx_word' id='word_1_113' title='bbox 657 1291 733 1347; x_wconf 89' lang='lat' dir='ltr'>Unde</span> <span class='ocrx_word' id='word_1_114' title='bbox 748 1292 861 1351; x_wconf 83' lang='lat' dir='ltr'>ssaidius</span> <span class='ocrx_word' id='word_1_115' title='bbox 874 1293 910 1347; x_wconf 89' lang='lat' dir='ltr'>de</span> <span class='ocrx_word' id='word_1_116' title='bbox 928 1308 972 1347; x_wconf 92' lang='lat' dir='ltr'>se·</span> 
     </span>
    </p>
   </div>
   <div class='ocr_carea' id='block_1_13' title="bbox 184 1381 619 1450">
    <p class='ocr_par' dir='ltr' id='par_1_15' title="bbox 184 1381 619 1450">
     <span class='ocr_line' id='line_1_19' title="bbox 184 1381 619 1450; baseline -0.009 -11"><span class='ocrx_word' id='word_1_117' title='bbox 184 1386 271 1450; x_wconf 89' lang='lat' dir='ltr'>nime,</span> <span class='ocrx_word' id='word_1_118' title='bbox 285 1382 426 1437; x_wconf 88' lang='lat' dir='ltr'>Fastorum</span> <span class='ocrx_word' id='word_1_119' title='bbox 446 1381 492 1435; x_wconf 80' lang='lat' dir='ltr'>iib.</span> <span class='ocrx_word' id='word_1_120' title='bbox 507 1382 619 1449; x_wconf 91' lang='lat' dir='ltr'>quinto:</span> 
     </span>
    </p>
   </div>
   <div class='ocr_carea' id='block_1_14' title="bbox 245 1469 850 1593">
    <p class='ocr_par' dir='ltr' id='par_1_16' title="bbox 245 1469 850 1593">
     <span class='ocr_line' id='line_1_20' title="bbox 245 1469 850 1534; baseline -0.008 -14"><span class='ocrx_word' id='word_1_121' title='bbox 245 1471 276 1522; x_wconf 65' lang='lat' dir='ltr'>iit</span> <span class='ocrx_word' id='word_1_122' title='bbox 288 1472 384 1520; x_wconf 85' lang='lat' dir='ltr'>medius</span> <span class='ocrx_word' id='word_1_123' title='bbox 392 1471 517 1532; x_wconf 78' lang='lat' dir='ltr'>lot-enum,</span> <span class='ocrx_word' id='word_1_124' title='bbox 531 1482 579 1519; x_wconf 93' lang='lat' dir='ltr'>non</span> <span class='ocrx_word' id='word_1_125' title='bbox 590 1469 772 1530; x_wconf 69' lang='lat' dir='ltr'>indignantibus</span> <span class='ocrx_word' id='word_1_126' title='bbox 784 1472 850 1534; x_wconf 67' lang='lat' dir='ltr'>basia,</span> 
     </span>
     <span class='ocr_line' id='line_1_21' title="bbox 276 1532 771 1593; baseline -0.004 -12"><span class='ocrx_word' id='word_1_127' title='bbox 276 1532 329 1581; x_wconf 89' lang='lat' dir='ltr'>lbat</span> <span class='ocrx_word' id='word_1_128' title='bbox 340 1541 367 1582; x_wconf 89' lang='lat' dir='ltr'>et</span> <span class='ocrx_word' id='word_1_129' title='bbox 378 1534 495 1593; x_wconf 86' lang='lat' dir='ltr'>anterior,</span> <span class='ocrx_word' id='word_1_130' title='bbox 506 1534 528 1581; x_wconf 92' lang='lat' dir='ltr'>si</span> <span class='ocrx_word' id='word_1_131' title='bbox 540 1543 623 1581; x_wconf 86' lang='lat' dir='ltr'>comes</span> <span class='ocrx_word' id='word_1_132' title='bbox 634 1545 698 1581; x_wconf 89' lang='lat' dir='ltr'>unus</span> <span class='ocrx_word' id='word_1_133' title='bbox 710 1539 771 1589; x_wconf 79' lang='lat' dir='ltr'>erat.</span> 
     </span>
    </p>
   </div>
   <div class='ocr_carea' id='block_1_15' title="bbox 133 1615 971 2827">
    <p class='ocr_par' dir='ltr' id='par_1_17' title="bbox 133 1615 971 2210">
     <span class='ocr_line' id='line_1_22' title="bbox 184 1615 971 1687; baseline 0.004 -16"><span class='ocrx_word' id='word_1_134' title='bbox 184 1616 278 1673; x_wconf 76' lang='lat' dir='ltr'>Exstat</span> <span class='ocrx_word' id='word_1_135' title='bbox 289 1616 358 1686; x_wconf 90' lang='lat' dir='ltr'>apud</span> <span class='ocrx_word' id='word_1_136' title='bbox 372 1615 542 1686; x_wconf 75' lang='lat' dir='ltr'>spartianum</span> <span class='ocrx_word' id='word_1_137' title='bbox 557 1617 631 1672; x_wconf 90' lang='lat' dir='ltr'>iocus</span> <span class='ocrx_word' id='word_1_138' title='bbox 646 1616 772 1671; x_wconf 89' lang='lat' dir='ltr'>liadriani</span> <span class='ocrx_word' id='word_1_139' title='bbox 794 1616 891 1687; x_wconf 91' lang='lat' dir='ltr'>diguus</span> <span class='ocrx_word' id='word_1_140' title='bbox 912 1633 971 1674; x_wconf 91' lang='lat' dir='ltr'>me·</span> 
     </span>
     <span class='ocr_line' id='line_1_23' title="bbox 183 1704 970 1775; baseline 0 -14"><span class='ocrx_word' id='word_1_141' title='bbox 183 1716 303 1771; x_wconf 80' lang='lat' dir='ltr'>storatu,</span> <span class='ocrx_word' id='word_1_142' title='bbox 314 1706 360 1775; x_wconf 93' lang='lat' dir='ltr'>qui</span> <span class='ocrx_word' id='word_1_143' title='bbox 372 1720 435 1760; x_wconf 89' lang='lat' dir='ltr'>cum</span> <span class='ocrx_word' id='word_1_144' title='bbox 448 1719 555 1760; x_wconf 80' lang='lat' dir='ltr'>seruum</span> <span class='ocrx_word' id='word_1_145' title='bbox 571 1719 648 1759; x_wconf 90' lang='lat' dir='ltr'>soum</span> <span class='ocrx_word' id='word_1_146' title='bbox 665 1706 734 1759; x_wconf 89' lang='lat' dir='ltr'>inter</span> <span class='ocrx_word' id='word_1_147' title='bbox 748 1704 815 1759; x_wconf 91' lang='lat' dir='ltr'>duos</span> <span class='ocrx_word' id='word_1_148' title='bbox 830 1718 970 1763; x_wconf 76' lang='lat' dir='ltr'>senatores</span> 
     </span>
     <span class='ocr_line' id='line_1_24' title="bbox 183 1796 970 1868; baseline 0 -16"><span class='ocrx_word' id='word_1_149' title='bbox 183 1799 300 1853; x_wconf 89' lang='lat' dir='ltr'>medium</span> <span class='ocrx_word' id='word_1_150' title='bbox 315 1797 451 1853; x_wconf 87' lang='lat' dir='ltr'>ambulare</span> <span class='ocrx_word' id='word_1_151' title='bbox 467 1797 595 1866; x_wconf 79' lang='lat' dir='ltr'>vidisset,</span> <span class='ocrx_word' id='word_1_152' title='bbox 620 1797 710 1863; x_wconf 85' lang='lat' dir='ltr'>misit,</span> <span class='ocrx_word' id='word_1_153' title='bbox 724 1796 770 1866; x_wconf 95' lang='lat' dir='ltr'>qui</span> <span class='ocrx_word' id='word_1_154' title='bbox 785 1797 809 1851; x_wconf 92' lang='lat' dir='ltr'>ei</span> <span class='ocrx_word' id='word_1_155' title='bbox 830 1800 970 1868; x_wconf 85' lang='lat' dir='ltr'>colapium</span> 
     </span>
     <span class='ocr_line' id='line_1_25' title="bbox 184 1885 969 1967; baseline 0.001 -25"><span class='ocrx_word' id='word_1_156' title='bbox 184 1888 273 1951; x_wconf 87' lang='lat' dir='ltr'>daret,</span> <span class='ocrx_word' id='word_1_157' title='bbox 287 1902 312 1943; x_wconf 88' lang='lat' dir='ltr'>et</span> <span class='ocrx_word' id='word_1_158' title='bbox 327 1887 447 1942; x_wconf 88' lang='lat' dir='ltr'>diceret:</span> <span class='ocrx_word' id='word_1_159' title='bbox 463 1885 521 1942; x_wconf 82' lang='lat' dir='ltr'>Noli</span> <span class='ocrx_word' id='word_1_160' title='bbox 541 1888 611 1942; x_wconf 87' lang='lat' dir='ltr'>inter</span> <span class='ocrx_word' id='word_1_161' title='bbox 626 1900 673 1943; x_wconf 91' lang='lat' dir='ltr'>eos</span> <span class='ocrx_word' id='word_1_162' title='bbox 687 1887 836 1967; x_wconf 81' lang='lat' dir='ltr'>ambulare,</span> <span class='ocrx_word' id='word_1_163' title='bbox 857 1904 969 1958; x_wconf 84' lang='lat' dir='ltr'>quorum</span> 
     </span>
     <span class='ocr_line' id='line_1_26' title="bbox 184 1975 545 2044; baseline 0.003 -14"><span class='ocrx_word' id='word_1_164' title='bbox 184 1989 245 2031; x_wconf 89' lang='lat' dir='ltr'>etse</span> <span class='ocrx_word' id='word_1_165' title='bbox 255 1975 341 2031; x_wconf 90' lang='lat' dir='ltr'>adbuc</span> <span class='ocrx_word' id='word_1_166' title='bbox 354 1986 430 2044; x_wconf 88' lang='lat' dir='ltr'>potes</span> <span class='ocrx_word' id='word_1_167' title='bbox 441 1988 545 2031; x_wconf 86' lang='lat' dir='ltr'>sertus.</span> 
     </span>
     <span class='ocr_line' id='line_1_27' title="bbox 133 2063 969 2137; baseline 0.005 -17"><span class='ocrx_word' id='word_1_168' title='bbox 133 2102 141 2113; x_wconf 84' lang='lat'>.</span> <span class='ocrx_word' id='word_1_169' title='bbox 177 2118 182 2125; x_wconf 80' lang='grc'><em>,</em></span> <span class='ocrx_word' id='word_1_170' title='bbox 218 2065 380 2135; x_wconf 81' lang='lat' dir='ltr'>Triumpbofi</span> <span class='ocrx_word' id='word_1_171' title='bbox 393 2063 540 2137; x_wconf 82' lang='lat' dir='ltr'>iarqitioue]</span> <span class='ocrx_word' id='word_1_172' title='bbox 562 2065 700 2137; x_wconf 70' lang='lat' dir='ltr'>Magnifica</span> <span class='ocrx_word' id='word_1_173' title='bbox 721 2077 748 2122; x_wconf 92' lang='lat' dir='ltr'>et</span> <span class='ocrx_word' id='word_1_174' title='bbox 761 2068 895 2123; x_wconf 85' lang='lat' dir='ltr'>consulari</span> <span class='ocrx_word' id='word_1_175' title='bbox 912 2085 969 2123; x_wconf 89' lang='lat' dir='ltr'>tntt·</span> 
     </span>
     <span class='ocr_line' id='line_1_28' title="bbox 184 2153 445 2210; baseline -0.008 0"><span class='ocrx_word' id='word_1_176' title='bbox 184 2166 277 2210; x_wconf 83' lang='lat' dir='ltr'>aerum</span> <span class='ocrx_word' id='word_1_177' title='bbox 291 2153 445 2208; x_wconf 85' lang='lat' dir='ltr'>donatione.</span> 
     </span>
    </p>

    <p class='ocr_par' dir='ltr' id='par_1_18' title="bbox 182 2240 970 2563">
     <span class='ocr_line' id='line_1_29' title="bbox 223 2240 970 2313; baseline 0.007 -17"><span class='ocrx_word' id='word_1_178' title='bbox 223 2242 321 2297; x_wconf 67' lang='lat' dir='ltr'>bedisti</span> <span class='ocrx_word' id='word_1_179' title='bbox 343 2243 417 2296; x_wconf 76' lang='lat' dir='ltr'>aerio</span> <span class='ocrx_word' id='word_1_180' title='bbox 439 2240 559 2313; x_wconf 68' lang='lat' dir='ltr'>[minan]</span> <span class='ocrx_word' id='word_1_181' title='bbox 585 2242 728 2298; x_wconf 83' lang='lat' dir='ltr'>Fortunam</span> <span class='ocrx_word' id='word_1_182' title='bbox 752 2245 856 2300; x_wconf 86' lang='lat' dir='ltr'>blandis</span> <span class='ocrx_word' id='word_1_183' title='bbox 881 2245 970 2301; x_wconf 79' lang='lat' dir='ltr'>serbis</span> 
     </span>
     <span class='ocr_line' id='line_1_30' title="bbox 184 2331 966 2406; baseline 0.006 -20"><span class='ocrx_word' id='word_1_184' title='bbox 184 2331 322 2400; x_wconf 88' lang='lat' dir='ltr'>decepisti.</span> <span class='ocrx_word' id='word_1_185' title='bbox 339 2331 407 2386; x_wconf 86' lang='lat' dir='ltr'>flare</span> <span class='ocrx_word' id='word_1_186' title='bbox 428 2332 509 2387; x_wconf 84' lang='lat' dir='ltr'>narba</span> <span class='ocrx_word' id='word_1_187' title='bbox 530 2331 571 2401; x_wconf 87' lang='lat' dir='ltr'>(ut</span> <span class='ocrx_word' id='word_1_188' title='bbox 586 2332 665 2403; x_wconf 80' lang='lat' dir='ltr'>vulgo</span> <span class='ocrx_word' id='word_1_189' title='bbox 686 2333 866 2406; x_wconf 87' lang='lat' dir='ltr'>notissimum)</span> <span class='ocrx_word' id='word_1_190' title='bbox 885 2338 966 2405; x_wconf 85' lang='lat' dir='ltr'>signi·</span> 
     </span>
     <span class='ocr_line' id='line_1_31' title="bbox 183 2414 967 2490; baseline 0.01 -18"><span class='ocrx_word' id='word_1_191' title='bbox 183 2420 244 2477; x_wconf 83' lang='lat' dir='ltr'>ucat</span> <span class='ocrx_word' id='word_1_192' title='bbox 266 2419 398 2488; x_wconf 75' lang='lat' dir='ltr'>decipere,</span> <span class='ocrx_word' id='word_1_193' title='bbox 421 2414 501 2488; x_wconf 91' lang='lat' dir='ltr'>idque</span> <span class='ocrx_word' id='word_1_194' title='bbox 518 2418 607 2474; x_wconf 84' lang='lat' dir='ltr'>vorbis</span> <span class='ocrx_word' id='word_1_195' title='bbox 625 2429 653 2475; x_wconf 91' lang='lat' dir='ltr'>et</span> <span class='ocrx_word' id='word_1_196' title='bbox 677 2424 814 2490; x_wconf 78' lang='lat' dir='ltr'>promissis</span> <span class='ocrx_word' id='word_1_197' title='bbox 833 2423 967 2480; x_wconf 75' lang='lat' dir='ltr'>inauribus.</span> 
     </span>
     <span class='ocr_line' id='line_1_32' title="bbox 182 2508 688 2563; baseline 0.004 0"><span class='ocrx_word' id='word_1_198' title='bbox 182 2508 325 2563; x_wconf 84' lang='lat' dir='ltr'>llartialis:</span> <span class='ocrx_word' id='word_1_199' title='bbox 683 2528 688 2535; x_wconf 79' lang='grc'><em>·</em></span> 
     </span>
    </p>

    <p class='ocr_par' dir='ltr' id='par_1_19' title="bbox 242 2598 775 2662">
     <span class='ocr_line' id='line_1_33' title="bbox 242 2598 775 2662; baseline 0.006 -14"><span class='ocrx_word' id='word_1_200' title='bbox 242 2598 284 2648; x_wconf 86' lang='lat' dir='ltr'>Cui</span> <span class='ocrx_word' id='word_1_201' title='bbox 297 2600 355 2649; x_wconf 90' lang='lat' dir='ltr'>uibii</span> <span class='ocrx_word' id='word_1_202' title='bbox 369 2600 421 2662; x_wconf 84' lang='lat' dir='ltr'>ipse</span> <span class='ocrx_word' id='word_1_203' title='bbox 430 2599 514 2661; x_wconf 87' lang='lat' dir='ltr'>dabas,</span> <span class='ocrx_word' id='word_1_204' title='bbox 529 2601 550 2650; x_wconf 89' lang='lat' dir='ltr'>is</span> <span class='ocrx_word' id='word_1_205' title='bbox 559 2602 601 2650; x_wconf 92' lang='lat' dir='ltr'>tibi</span> <span class='ocrx_word' id='word_1_206' title='bbox 614 2604 687 2651; x_wconf 80' lang='lat' dir='ltr'>uerita</span> <span class='ocrx_word' id='word_1_207' title='bbox 698 2602 775 2653; x_wconf 85' lang='lat' dir='ltr'>dedit.</span> 
     </span>
    </p>

    <p class='ocr_par' dir='ltr' id='par_1_20' title="bbox 219 2679 968 2759">
     <span class='ocr_line' id='line_1_34' title="bbox 219 2679 968 2759; baseline 0.013 -25"><span class='ocrx_word' id='word_1_208' title='bbox 219 2679 253 2734; x_wconf 82' lang='lat' dir='ltr'>lit</span> <span class='ocrx_word' id='word_1_209' title='bbox 267 2698 325 2734; x_wconf 85' lang='lat' dir='ltr'>anos</span> <span class='ocrx_word' id='word_1_210' title='bbox 338 2680 453 2749; x_wconf 79' lang='lat' dir='ltr'>deliciosi</span> <span class='ocrx_word' id='word_1_211' title='bbox 478 2681 591 2737; x_wconf 80' lang='lat' dir='ltr'>Delicias</span> <span class='ocrx_word' id='word_1_212' title='bbox 612 2684 726 2752; x_wconf 75' lang='lat' dir='ltr'>alieuius</span> <span class='ocrx_word' id='word_1_213' title='bbox 740 2685 866 2754; x_wconf 89' lang='lat' dir='ltr'>dicimus,</span> <span class='ocrx_word' id='word_1_214' title='bbox 878 2690 922 2759; x_wconf 89' lang='lat' dir='ltr'>qui</span> <span class='ocrx_word' id='word_1_215' title='bbox 942 2689 968 2744; x_wconf 93' lang='lat' dir='ltr'>ei</span> 
     </span>
    </p>

    <p class='ocr_par' dir='ltr' id='par_1_21' title="bbox 183 2768 676 2827">
     <span class='ocr_line' id='line_1_35' title="bbox 183 2768 676 2827; baseline 0.004 -5"><span class='ocrx_word' id='word_1_216' title='bbox 183 2769 209 2823; x_wconf 91' lang='lat' dir='ltr'>io</span> <span class='ocrx_word' id='word_1_217' title='bbox 221 2770 323 2824; x_wconf 89' lang='lat' dir='ltr'>delictis</span> <span class='ocrx_word' id='word_1_218' title='bbox 334 2777 385 2823; x_wconf 59' lang='lat' dir='ltr'>cst.</span> <span class='ocrx_word' id='word_1_219' title='bbox 398 2768 471 2825; x_wconf 88' lang='lat' dir='ltr'>llaro</span> <span class='ocrx_word' id='word_1_220' title='bbox 483 2772 509 2824; x_wconf 91' lang='lat' dir='ltr'>iu</span> <span class='ocrx_word' id='word_1_221' title='bbox 525 2770 676 2827; x_wconf 83' lang='lat' dir='ltr'>Bucolicis:</span> 
     </span>
    </p>
   </div>
   <div class='ocr_carea' id='block_1_16' title="bbox 242 2876 811 2988">
    <p class='ocr_par' dir='ltr' id='par_1_22' title="bbox 242 2876 811 2988">
     <span class='ocr_line' id='line_1_36' title="bbox 245 2876 811 2943; baseline 0.009 -17"><span class='ocrx_word' id='word_1_222' title='bbox 245 2876 386 2927; x_wconf 88' lang='lat' dir='ltr'>Formosum</span> <span class='ocrx_word' id='word_1_223' title='bbox 398 2885 480 2941; x_wconf 86' lang='lat' dir='ltr'>pastor</span> <span class='ocrx_word' id='word_1_224' title='bbox 490 2879 599 2943; x_wconf 79' lang='lat' dir='ltr'>Corydon</span> <span class='ocrx_word' id='word_1_225' title='bbox 609 2880 710 2932; x_wconf 77' lang='lat' dir='ltr'>ardebat</span> <span class='ocrx_word' id='word_1_226' title='bbox 722 2882 811 2932; x_wconf 79' lang='lat' dir='ltr'>tiextn</span> 
     </span>
     <span class='ocr_line' id='line_1_37' title="bbox 242 2937 457 2988; baseline 0 -1"><span class='ocrx_word' id='word_1_227' title='bbox 242 2937 347 2988; x_wconf 82' lang='lat' dir='ltr'>Delicias</span> <span class='ocrx_word' id='word_1_228' title='bbox 355 2938 457 2988; x_wconf 85' lang='lat' dir='ltr'>Domini.</span> 
     </span>
    </p>
   </div>
   <div class='ocr_carea' id='block_1_17' title="bbox 177 3038 966 4928">
    <p class='ocr_par' dir='ltr' id='par_1_23' title="bbox 183 3038 966 3200">
     <span class='ocr_line' id='line_1_38' title="bbox 217 3038 966 3113; baseline 0.009 -20"><span class='ocrx_word' id='word_1_229' title='bbox 217 3038 333 3111; x_wconf 82' lang='lat' dir='ltr'>Privato]</span> <span class='ocrx_word' id='word_1_230' title='bbox 342 3040 463 3097; x_wconf 84' lang='lat' dir='ltr'>Privatus</span> <span class='ocrx_word' id='word_1_231' title='bbox 475 3040 573 3096; x_wconf 89' lang='lat' dir='ltr'>dicitur</span> <span class='ocrx_word' id='word_1_232' title='bbox 583 3044 605 3097; x_wconf 92' lang='lat' dir='ltr'>is</span> <span class='ocrx_word' id='word_1_233' title='bbox 617 3042 661 3113; x_wconf 91' lang='lat' dir='ltr'>qui</span> <span class='ocrx_word' id='word_1_234' title='bbox 676 3043 782 3111; x_wconf 91' lang='lat' dir='ltr'>publico</span> <span class='ocrx_word' id='word_1_235' title='bbox 795 3061 906 3102; x_wconf 82' lang='lat' dir='ltr'>munere</span> <span class='ocrx_word' id='word_1_236' title='bbox 920 3059 966 3103; x_wconf 88' lang='lat' dir='ltr'>aut</span> 
     </span>
     <span class='ocr_line' id='line_1_39' title="bbox 183 3131 618 3200; baseline 0.005 -17"><span class='ocrx_word' id='word_1_237' title='bbox 183 3131 328 3199; x_wconf 82' lang='lat' dir='ltr'>principun</span> <span class='ocrx_word' id='word_1_238' title='bbox 342 3145 395 3184; x_wconf 94' lang='lat' dir='ltr'>non</span> <span class='ocrx_word' id='word_1_239' title='bbox 408 3131 535 3200; x_wconf 87' lang='lat' dir='ltr'>fungitur.</span> <span class='ocrx_word' id='word_1_240' title='bbox 613 3190 618 3198; x_wconf 64' lang='grc'><em>,</em></span> 
     </span>
    </p>

    <p class='ocr_par' dir='ltr' id='par_1_24' title="bbox 181 3217 965 3455">
     <span class='ocr_line' id='line_1_40' title="bbox 215 3217 965 3291; baseline 0.015 -18"><span class='ocrx_word' id='word_1_241' title='bbox 215 3217 346 3273; x_wconf 76' lang='lat' dir='ltr'>Ceionium</span> <span class='ocrx_word' id='word_1_242' title='bbox 370 3218 475 3291; x_wconf 72' lang='lat' dir='ltr'>ponere]</span> <span class='ocrx_word' id='word_1_243' title='bbox 499 3220 637 3277; x_wconf 83' lang='lat' dir='ltr'>Rationem</span> <span class='ocrx_word' id='word_1_244' title='bbox 663 3223 741 3280; x_wconf 91' lang='lat' dir='ltr'>inire.</span> <span class='ocrx_word' id='word_1_245' title='bbox 765 3226 830 3281; x_wconf 81' lang='lat' dir='ltr'>iiam</span> <span class='ocrx_word' id='word_1_246' title='bbox 853 3227 965 3284; x_wconf 87' lang='lat' dir='ltr'>calculis</span> 
     </span>
     <span class='ocr_line' id='line_1_41' title="bbox 181 3309 964 3380; baseline 0.011 -17"><span class='ocrx_word' id='word_1_247' title='bbox 181 3309 238 3363; x_wconf 80' lang='lat' dir='ltr'>fieri</span> <span class='ocrx_word' id='word_1_248' title='bbox 260 3311 327 3365; x_wconf 88' lang='lat' dir='ltr'>solet</span> <span class='ocrx_word' id='word_1_249' title='bbox 349 3313 521 3380; x_wconf 87' lang='lat' dir='ltr'>supputatio:</span> <span class='ocrx_word' id='word_1_250' title='bbox 538 3312 610 3367; x_wconf 89' lang='lat' dir='ltr'>uude</span> <span class='ocrx_word' id='word_1_251' title='bbox 630 3313 742 3369; x_wconf 86' lang='lat' dir='ltr'>ilartiali</span> <span class='ocrx_word' id='word_1_252' title='bbox 768 3316 854 3371; x_wconf 90' lang='lat' dir='ltr'>dictus</span> <span class='ocrx_word' id='word_1_253' title='bbox 874 3317 964 3373; x_wconf 87' lang='lat' dir='ltr'>caicu-</span> 
     </span>
     <span class='ocr_line' id='line_1_42' title="bbox 181 3400 260 3455; baseline 0.013 -1"><span class='ocrx_word' id='word_1_254' title='bbox 181 3400 260 3455; x_wconf 90' lang='lat' dir='ltr'>lator.</span> 
     </span>
    </p>

    <p class='ocr_par' dir='ltr' id='par_1_25' title="bbox 178 3492 965 4297">
     <span class='ocr_line' id='line_1_43' title="bbox 217 3492 963 3567; baseline 0.011 -19"><span class='ocrx_word' id='word_1_255' title='bbox 217 3493 314 3548; x_wconf 83' lang='lat' dir='ltr'>liamti</span> <span class='ocrx_word' id='word_1_256' title='bbox 327 3492 413 3565; x_wconf 84' lang='lat' dir='ltr'>oculo]</span> <span class='ocrx_word' id='word_1_257' title='bbox 427 3495 571 3562; x_wconf 83' lang='lat' dir='ltr'>llactenus,</span> <span class='ocrx_word' id='word_1_258' title='bbox 586 3498 685 3566; x_wconf 80' lang='lat' dir='ltr'>inquit,</span> <span class='ocrx_word' id='word_1_259' title='bbox 701 3498 747 3552; x_wconf 83' lang='lat' dir='ltr'>tibi</span> <span class='ocrx_word' id='word_1_260' title='bbox 763 3499 828 3554; x_wconf 80' lang='lat' dir='ltr'>fauit</span> <span class='ocrx_word' id='word_1_261' title='bbox 843 3500 963 3567; x_wconf 70' lang='lat' dir='ltr'>fortuma,</span> 
     </span>
     <span class='ocr_line' id='line_1_44' title="bbox 180 3589 964 3658; baseline 0.011 -19"><span class='ocrx_word' id='word_1_262' title='bbox 180 3599 250 3640; x_wconf 92' lang='lat' dir='ltr'>uunc</span> <span class='ocrx_word' id='word_1_263' title='bbox 271 3590 385 3656; x_wconf 72' lang='lat' dir='ltr'>prlmum</span> <span class='ocrx_word' id='word_1_264' title='bbox 407 3590 489 3652; x_wconf 84' lang='lat' dir='ltr'>eoepit</span> <span class='ocrx_word' id='word_1_265' title='bbox 509 3589 660 3647; x_wconf 78' lang='lat' dir='ltr'>adversari..</span> <span class='ocrx_word' id='word_1_266' title='bbox 671 3590 748 3658; x_wconf 86' lang='lat' dir='ltr'>Quod</span> <span class='ocrx_word' id='word_1_267' title='bbox 761 3600 849 3646; x_wconf 88' lang='lat' dir='ltr'>autem</span> <span class='ocrx_word' id='word_1_268' title='bbox 871 3594 909 3647; x_wconf 84' lang='lat' dir='ltr'>ait</span> <span class='ocrx_word' id='word_1_269' title='bbox 931 3594 964 3648; x_wconf 92' lang='lat' dir='ltr'>ii-</span> 
     </span>
     <span class='ocr_line' id='line_1_45' title="bbox 180 3677 965 3742; baseline 0.013 -14"><span class='ocrx_word' id='word_1_270' title='bbox 180 3678 251 3730; x_wconf 85' lang='lat' dir='ltr'>venti</span> <span class='ocrx_word' id='word_1_271' title='bbox 272 3677 362 3742; x_wconf 91' lang='lat' dir='ltr'>oculo,</span> <span class='ocrx_word' id='word_1_272' title='bbox 389 3678 492 3733; x_wconf 74' lang='lat' dir='ltr'>vitietur</span> <span class='ocrx_word' id='word_1_273' title='bbox 508 3678 625 3735; x_wconf 88' lang='lat' dir='ltr'>alludere</span> <span class='ocrx_word' id='word_1_274' title='bbox 644 3679 678 3733; x_wconf 89' lang='lat' dir='ltr'>ad</span> <span class='ocrx_word' id='word_1_275' title='bbox 699 3681 824 3736; x_wconf 88' lang='lat' dir='ltr'>mulieres</span> <span class='ocrx_word' id='word_1_276' title='bbox 844 3683 903 3737; x_wconf 80' lang='lat' dir='ltr'>risu</span> <span class='ocrx_word' id='word_1_277' title='bbox 924 3683 965 3738; x_wconf 88' lang='lat' dir='ltr'>la·</span> 
     </span>
     <span class='ocr_line' id='line_1_46' title="bbox 180 3770 962 3846; baseline 0.01 -22"><span class='ocrx_word' id='word_1_278' title='bbox 180 3770 402 3841; x_wconf 68' lang='lat' dir='ltr'>minantesque</span> <span class='ocrx_word' id='word_1_279' title='bbox 422 3772 576 3828; x_wconf 87' lang='lat' dir='ltr'>interimant</span> <span class='ocrx_word' id='word_1_280' title='bbox 597 3787 664 3842; x_wconf 90' lang='lat' dir='ltr'>quos</span> <span class='ocrx_word' id='word_1_281' title='bbox 687 3770 787 3829; x_wconf 89' lang='lat' dir='ltr'>diutius</span> <span class='ocrx_word' id='word_1_282' title='bbox 801 3775 962 3846; x_wconf 88' lang='lat' dir='ltr'>intueantur,</span> 
     </span>
     <span class='ocr_line' id='line_1_47' title="bbox 179 3861 963 3933; baseline 0.014 -19"><span class='ocrx_word' id='word_1_283' title='bbox 179 3861 262 3916; x_wconf 87' lang='lat' dir='ltr'>iratus</span> <span class='ocrx_word' id='word_1_284' title='bbox 277 3863 408 3931; x_wconf 88' lang='lat' dir='ltr'>praecipue</span> <span class='ocrx_word' id='word_1_285' title='bbox 420 3863 517 3928; x_wconf 90' lang='lat' dir='ltr'>oculis,</span> <span class='ocrx_word' id='word_1_286' title='bbox 532 3863 602 3933; x_wconf 93' lang='lat' dir='ltr'>quod</span> <span class='ocrx_word' id='word_1_287' title='bbox 616 3878 708 3919; x_wconf 88' lang='lat' dir='ltr'>earttm</span> <span class='ocrx_word' id='word_1_288' title='bbox 722 3866 820 3920; x_wconf 92' lang='lat' dir='ltr'>maium</span> <span class='ocrx_word' id='word_1_289' title='bbox 836 3869 963 3925; x_wconf 78' lang='lat' dir='ltr'>teneriori</span> 
     </span>
     <span class='ocr_line' id='line_1_48' title="bbox 179 3950 965 4027; baseline 0.014 -24"><span class='ocrx_word' id='word_1_290' title='bbox 179 3950 249 4005; x_wconf 70' lang='lat' dir='ltr'>etati</span> <span class='ocrx_word' id='word_1_291' title='bbox 266 3952 349 4020; x_wconf 91' lang='lat' dir='ltr'>magis</span> <span class='ocrx_word' id='word_1_292' title='bbox 364 3961 452 4007; x_wconf 87' lang='lat' dir='ltr'>nocet.</span> <span class='ocrx_word' id='word_1_293' title='bbox 470 3952 587 4008; x_wconf 86' lang='lat' dir='ltr'>Fortuna</span> <span class='ocrx_word' id='word_1_294' title='bbox 601 3953 691 4025; x_wconf 90' lang='lat' dir='ltr'>igitur,</span> <span class='ocrx_word' id='word_1_295' title='bbox 707 3955 807 4026; x_wconf 91' lang='lat' dir='ltr'>inquit,</span> <span class='ocrx_word' id='word_1_296' title='bbox 823 3972 882 4027; x_wconf 76' lang='lat' dir='ltr'>quaa</span> <span class='ocrx_word' id='word_1_297' title='bbox 899 3959 965 4014; x_wconf 89' lang='lat' dir='ltr'>ituc-</span> 
     </span>
     <span class='ocr_line' id='line_1_49' title="bbox 179 4043 962 4114; baseline 0.01 -18"><span class='ocrx_word' id='word_1_298' title='bbox 179 4055 262 4111; x_wconf 90' lang='lat' dir='ltr'>usque</span> <span class='ocrx_word' id='word_1_299' title='bbox 276 4043 513 4114; x_wconf 77' lang='lat' dir='ltr'>indulgentissimo</span> <span class='ocrx_word' id='word_1_300' title='bbox 532 4046 626 4101; x_wconf 89' lang='lat' dir='ltr'>matris</span> <span class='ocrx_word' id='word_1_301' title='bbox 640 4061 715 4102; x_wconf 89' lang='lat' dir='ltr'>more</span> <span class='ocrx_word' id='word_1_302' title='bbox 735 4054 761 4101; x_wconf 89' lang='grc' dir='ltr'>ιι</span> <span class='ocrx_word' id='word_1_303' title='bbox 775 4062 836 4102; x_wconf 90' lang='lat' dir='ltr'>suas</span> <span class='ocrx_word' id='word_1_304' title='bbox 851 4048 962 4104; x_wconf 90' lang='lat' dir='ltr'>delicias</span> 
     </span>
     <span class='ocr_line' id='line_1_50' title="bbox 178 4130 961 4205; baseline 0.011 -19"><span class='ocrx_word' id='word_1_305' title='bbox 178 4130 258 4200; x_wconf 83' lang='lat' dir='ltr'>furit,</span> <span class='ocrx_word' id='word_1_306' title='bbox 272 4148 341 4191; x_wconf 89' lang='lat' dir='ltr'>nunc</span> <span class='ocrx_word' id='word_1_307' title='bbox 361 4146 386 4190; x_wconf 92' lang='grc' dir='ltr'>ιι</span> <span class='ocrx_word' id='word_1_308' title='bbox 408 4137 520 4205; x_wconf 91' lang='lat' dir='ltr'>primum</span> <span class='ocrx_word' id='word_1_309' title='bbox 535 4135 675 4192; x_wconf 79' lang='lat' dir='ltr'>fascinavit</span> <span class='ocrx_word' id='word_1_310' title='bbox 687 4153 761 4194; x_wconf 93' lang='lat' dir='ltr'>more</span> <span class='ocrx_word' id='word_1_311' title='bbox 776 4138 961 4197; x_wconf 72' lang='lat' dir='ltr'>atriensem</span> 
     </span>
     <span class='ocr_line' id='line_1_51' title="bbox 179 4215 475 4297; baseline 0.014 -18"><span class='ocrx_word' id='word_1_312' title='bbox 179 4224 290 4297; x_wconf 78' lang='lat' dir='ltr'>illyricae</span> <span class='ocrx_word' id='word_1_313' title='bbox 302 4215 475 4283; x_wconf 74' lang='lat' dir='ltr'>mulierculae.</span> 
     </span>
    </p>

    <p class='ocr_par' dir='ltr' id='par_1_26' title="bbox 214 4315 762 4389">
     <span class='ocr_line' id='line_1_52' title="bbox 214 4315 762 4389; baseline 0.011 -20"><span class='ocrx_word' id='word_1_314' title='bbox 214 4316 378 4389; x_wconf 75' lang='lat' dir='ltr'>Perstrinxit]</span> <span class='ocrx_word' id='word_1_315' title='bbox 391 4315 486 4382; x_wconf 70' lang='lat' dir='ltr'>laesit,</span> <span class='ocrx_word' id='word_1_316' title='bbox 500 4317 635 4387; x_wconf 86' lang='lat' dir='ltr'>corrupit,</span> <span class='ocrx_word' id='word_1_317' title='bbox 651 4320 762 4375; x_wconf 83' lang='lat' dir='ltr'>vitiavit.</span> 
     </span>
    </p>

    <p class='ocr_par' dir='ltr' id='par_1_27' title="bbox 179 4405 962 4566">
     <span class='ocr_line' id='line_1_53' title="bbox 215 4405 962 4481; baseline 0.009 -22"><span class='ocrx_word' id='word_1_318' title='bbox 215 4405 322 4477; x_wconf 75' lang='lat' dir='ltr'>dicenti]</span> <span class='ocrx_word' id='word_1_319' title='bbox 338 4408 444 4481; x_wconf 81' lang='lat' dir='ltr'>liipime</span> <span class='ocrx_word' id='word_1_320' title='bbox 457 4408 580 4473; x_wconf 88' lang='lat' dir='ltr'>candido,</span> <span class='ocrx_word' id='word_1_321' title='bbox 598 4412 732 4479; x_wconf 75' lang='lat' dir='ltr'>pestifero,</span> <span class='ocrx_word' id='word_1_322' title='bbox 749 4420 777 4466; x_wconf 92' lang='lat' dir='ltr'>et</span> <span class='ocrx_word' id='word_1_323' title='bbox 797 4411 895 4467; x_wconf 84' lang='lat' dir='ltr'>lividos</span> <span class='ocrx_word' id='word_1_324' title='bbox 914 4427 962 4467; x_wconf 85' lang='lat' dir='ltr'>ra·</span> 
     </span>
     <span class='ocr_line' id='line_1_54' title="bbox 179 4499 411 4566; baseline 0.009 -14"><span class='ocrx_word' id='word_1_325' title='bbox 179 4511 257 4566; x_wconf 80' lang='lat' dir='ltr'>porea</span> <span class='ocrx_word' id='word_1_326' title='bbox 269 4499 411 4554; x_wconf 88' lang='lat' dir='ltr'>emittenti.</span> 
     </span>
    </p>

    <p class='ocr_par' dir='ltr' id='par_1_28' title="bbox 177 4585 964 4928">
     <span class='ocr_line' id='line_1_55' title="bbox 214 4585 961 4660; baseline 0.011 -20"><span class='ocrx_word' id='word_1_327' title='bbox 214 4585 248 4641; x_wconf 84' lang='lat' dir='ltr'>fo</span> <span class='ocrx_word' id='word_1_328' title='bbox 260 4587 326 4641; x_wconf 83' lang='lat' dir='ltr'>banc</span> <span class='ocrx_word' id='word_1_329' title='bbox 344 4588 402 4642; x_wconf 81' lang='lat' dir='ltr'>uitro</span> <span class='ocrx_word' id='word_1_330' title='bbox 413 4587 524 4660; x_wconf 78' lang='lat' dir='ltr'>menam]</span> <span class='ocrx_word' id='word_1_331' title='bbox 540 4588 659 4659; x_wconf 83' lang='lat' dir='ltr'>Eleganti</span> <span class='ocrx_word' id='word_1_332' title='bbox 679 4588 833 4658; x_wconf 80' lang='lat' dir='ltr'>metaphora</span> <span class='ocrx_word' id='word_1_333' title='bbox 853 4607 961 4648; x_wconf 89' lang='lat' dir='ltr'>scenam</span> 
     </span>
     <span class='ocr_line' id='line_1_56' title="bbox 179 4675 964 4748; baseline 0.008 -18"><span class='ocrx_word' id='word_1_334' title='bbox 179 4675 405 4741; x_wconf 58' lang='lat' dir='ltr'>straditionem</span> <span class='ocrx_word' id='word_1_335' title='bbox 421 4679 477 4733; x_wconf 79' lang='lat' dir='ltr'>baec</span> <span class='ocrx_word' id='word_1_336' title='bbox 490 4678 524 4732; x_wconf 89' lang='lat' dir='ltr'>sit</span> <span class='ocrx_word' id='word_1_337' title='bbox 538 4677 633 4732; x_wconf 81' lang='lat' dir='ltr'>fabulae</span> <span class='ocrx_word' id='word_1_338' title='bbox 647 4676 716 4733; x_wconf 89' lang='lat' dir='ltr'>simil</span> <span class='ocrx_word' id='word_1_339' title='bbox 733 4679 796 4745; x_wconf 90' lang='lat' dir='ltr'>ima,</span> <span class='ocrx_word' id='word_1_340' title='bbox 813 4695 874 4748; x_wconf 79' lang='lat' dir='ltr'>quae</span> <span class='ocrx_word' id='word_1_341' title='bbox 893 4682 964 4737; x_wconf 89' lang='lat' dir='ltr'>solet</span> 
     </span>
     <span class='ocr_line' id='line_1_57' title="bbox 178 4768 962 4838; baseline 0.004 -16"><span class='ocrx_word' id='word_1_342' title='bbox 178 4768 206 4822; x_wconf 91' lang='lat' dir='ltr'>in</span> <span class='ocrx_word' id='word_1_343' title='bbox 227 4781 309 4822; x_wconf 87' lang='lat' dir='ltr'>scena</span> <span class='ocrx_word' id='word_1_344' title='bbox 323 4768 357 4822; x_wconf 88' lang='lat' dir='ltr'>ab</span> <span class='ocrx_word' id='word_1_345' title='bbox 379 4768 551 4824; x_wconf 82' lang='lat' dir='ltr'>histrionibus</span> <span class='ocrx_word' id='word_1_346' title='bbox 570 4769 624 4837; x_wconf 87' lang='lat' dir='ltr'>agi.</span> <span class='ocrx_word' id='word_1_347' title='bbox 648 4769 749 4824; x_wconf 88' lang='lat' dir='ltr'>Seneca</span> <span class='ocrx_word' id='word_1_348' title='bbox 774 4770 886 4838; x_wconf 85' lang='lat' dir='ltr'>epistola</span> <span class='ocrx_word' id='word_1_349' title='bbox 909 4772 962 4825; x_wconf 83' lang='lat' dir='ltr'>tt:</span> 
     </span>
     <span class='ocr_line' id='line_1_58' title="bbox 177 4856 962 4928; baseline 0.001 -17"><span class='ocrx_word' id='word_1_350' title='bbox 177 4856 317 4926; x_wconf 78' lang='lat' dir='ltr'>Quomodo</span> <span class='ocrx_word' id='word_1_351' title='bbox 331 4857 433 4927; x_wconf 88' lang='lat' dir='ltr'>fabttla,</span> <span class='ocrx_word' id='word_1_352' title='bbox 447 4858 485 4912; x_wconf 89' lang='lat' dir='ltr'>sic</span> <span class='ocrx_word' id='word_1_353' title='bbox 501 4858 564 4912; x_wconf 85' lang='lat' dir='ltr'>uita.</span> <span class='ocrx_word' id='word_1_354' title='bbox 581 4857 637 4912; x_wconf 84' lang='lat' dir='ltr'>Non</span> <span class='ocrx_word' id='word_1_355' title='bbox 651 4856 805 4928; x_wconf 82' lang='lat' dir='ltr'>quamdiu,</span> <span class='ocrx_word' id='word_1_356' title='bbox 821 4857 868 4913; x_wconf 92' lang='lat' dir='ltr'>sed</span> <span class='ocrx_word' id='word_1_357' title='bbox 883 4860 962 4928; x_wconf 87' lang='lat' dir='ltr'>quain</span> 
     </span>
    </p>
   </div>
   <div class='ocr_carea' id='block_1_18' title="bbox 117 4948 1015 5557">
    <p class='ocr_par' dir='ltr' id='par_1_29' title="bbox 117 4948 1015 5557">
     <span class='ocr_line' id='line_1_59' title="bbox 178 4948 1015 5019; baseline 0.004 -16"><span class='ocrx_word' id='word_1_358' title='bbox 178 4948 247 5003; x_wconf 86' lang='lat' dir='ltr'>bene</span> <span class='ocrx_word' id='word_1_359' title='bbox 265 4957 322 5003; x_wconf 89' lang='lat' dir='ltr'>acta</span> <span class='ocrx_word' id='word_1_360' title='bbox 336 4949 370 5003; x_wconf 90' lang='lat' dir='ltr'>sit</span> <span class='ocrx_word' id='word_1_361' title='bbox 384 4948 476 5004; x_wconf 87' lang='lat' dir='ltr'>refert.</span> <span class='ocrx_word' id='word_1_362' title='bbox 491 4950 573 5005; x_wconf 89' lang='lat' dir='ltr'>lloria</span> <span class='ocrx_word' id='word_1_363' title='bbox 588 4950 656 5019; x_wconf 90' lang='lat' dir='ltr'>apud</span> <span class='ocrx_word' id='word_1_364' title='bbox 672 4950 812 5018; x_wconf 78' lang='lat' dir='ltr'>Erasmum</span> <span class='ocrx_word' id='word_1_365' title='bbox 828 4951 855 5004; x_wconf 92' lang='lat' dir='ltr'>in</span> <span class='ocrx_word' id='word_1_366' title='bbox 878 4951 965 5006; x_wconf 82' lang='lat' dir='ltr'>Enco-</span> <span class='ocrx_word' id='word_1_367' title='bbox 1007 4972 1015 4987; x_wconf 92' lang='lat'><strong>·</strong></span> 
     </span>
     <span class='ocr_line' id='line_1_60' title="bbox 177 5039 965 5108; baseline 0.001 -15"><span class='ocrx_word' id='word_1_368' title='bbox 177 5040 253 5094; x_wconf 87' lang='lat' dir='ltr'>snio:</span> <span class='ocrx_word' id='word_1_369' title='bbox 271 5039 354 5094; x_wconf 82' lang='lat' dir='ltr'>Porro</span> <span class='ocrx_word' id='word_1_370' title='bbox 376 5040 525 5095; x_wconf 87' lang='lat' dir='ltr'>mortalium</span> <span class='ocrx_word' id='word_1_371' title='bbox 546 5041 599 5095; x_wconf 84' lang='lat' dir='ltr'>vita</span> <span class='ocrx_word' id='word_1_372' title='bbox 623 5041 710 5095; x_wconf 79' lang='lat' dir='ltr'>ominis</span> <span class='ocrx_word' id='word_1_373' title='bbox 734 5040 796 5108; x_wconf 91' lang='lat' dir='ltr'>quid</span> <span class='ocrx_word' id='word_1_374' title='bbox 822 5040 894 5094; x_wconf 87' lang='lat' dir='ltr'>aliud</span> <span class='ocrx_word' id='word_1_375' title='bbox 922 5049 965 5095; x_wconf 77' lang='grc' dir='ltr'>ιιι</span> 
     </span>
     <span class='ocr_line' id='line_1_61' title="bbox 177 5126 964 5198; baseline 0.004 -19"><span class='ocrx_word' id='word_1_376' title='bbox 177 5140 257 5196; x_wconf 91' lang='lat' dir='ltr'>quam</span> <span class='ocrx_word' id='word_1_377' title='bbox 273 5126 360 5193; x_wconf 88' lang='lat' dir='ltr'>fabula</span> <span class='ocrx_word' id='word_1_378' title='bbox 375 5127 523 5194; x_wconf 76' lang='lat' dir='ltr'>quaepiam,</span> <span class='ocrx_word' id='word_1_379' title='bbox 544 5130 571 5182; x_wconf 94' lang='lat' dir='ltr'>iu</span> <span class='ocrx_word' id='word_1_380' title='bbox 587 5142 637 5198; x_wconf 90' lang='lat' dir='ltr'>qua</span> <span class='ocrx_word' id='word_1_381' title='bbox 651 5127 697 5182; x_wconf 89' lang='lat' dir='ltr'>alii</span> <span class='ocrx_word' id='word_1_382' title='bbox 716 5127 777 5182; x_wconf 92' lang='lat' dir='ltr'>aliis</span> <span class='ocrx_word' id='word_1_383' title='bbox 790 5128 888 5182; x_wconf 90' lang='lat' dir='ltr'>obtecti</span> <span class='ocrx_word' id='word_1_384' title='bbox 904 5145 964 5198; x_wconf 88' lang='lat' dir='ltr'>per·</span> 
     </span>
     <span class='ocr_line' id='line_1_62' title="bbox 178 5217 966 5298; baseline 0.004 -26"><span class='ocrx_word' id='word_1_385' title='bbox 178 5218 250 5272; x_wconf 89' lang='lat' dir='ltr'>sonis</span> <span class='ocrx_word' id='word_1_386' title='bbox 270 5217 433 5287; x_wconf 87' lang='lat' dir='ltr'>procedunt,</span> <span class='ocrx_word' id='word_1_387' title='bbox 446 5227 580 5288; x_wconf 84' lang='lat' dir='ltr'>aguntque</span> <span class='ocrx_word' id='word_1_388' title='bbox 601 5234 662 5274; x_wconf 86' lang='lat' dir='ltr'>tuas</span> <span class='ocrx_word' id='word_1_389' title='bbox 673 5219 786 5298; x_wconf 92' lang='lat' dir='ltr'>quisque</span> <span class='ocrx_word' id='word_1_390' title='bbox 800 5228 901 5290; x_wconf 85' lang='lat' dir='ltr'>partes,</span> <span class='ocrx_word' id='word_1_391' title='bbox 916 5221 966 5275; x_wconf 91' lang='lat' dir='ltr'>do·</span> 
     </span>
     <span class='ocr_line' id='line_1_63' title="bbox 178 5307 964 5381; baseline 0.004 -18"><span class='ocrx_word' id='word_1_392' title='bbox 178 5321 230 5363; x_wconf 88' lang='lat' dir='ltr'>nee</span> <span class='ocrx_word' id='word_1_393' title='bbox 250 5307 383 5377; x_wconf 86' lang='lat' dir='ltr'>cboragus</span> <span class='ocrx_word' id='word_1_394' title='bbox 397 5307 525 5364; x_wconf 85' lang='lat' dir='ltr'>educate</span> <span class='ocrx_word' id='word_1_395' title='bbox 548 5310 697 5377; x_wconf 82' lang='lat' dir='ltr'>proscenio,</span> <span class='ocrx_word' id='word_1_396' title='bbox 719 5309 765 5378; x_wconf 92' lang='lat' dir='ltr'>qui</span> <span class='ocrx_word' id='word_1_397' title='bbox 780 5324 851 5381; x_wconf 86' lang='lat' dir='ltr'>stepe</span> <span class='ocrx_word' id='word_1_398' title='bbox 875 5318 964 5366; x_wconf 89' lang='lat' dir='ltr'>tamen</span> 
     </span>
     <span class='ocr_line' id='line_1_64' title="bbox 117 5399 964 5475; baseline 0.001 -20"><span class='ocrx_word' id='word_1_399' title='bbox 117 5466 120 5475; x_wconf 88' lang='lat'>.</span> <span class='ocrx_word' id='word_1_400' title='bbox 177 5400 301 5455; x_wconf 81' lang='lat' dir='ltr'>eumdem</span> <span class='ocrx_word' id='word_1_401' title='bbox 317 5400 423 5454; x_wconf 83' lang='lat' dir='ltr'>diverso</span> <span class='ocrx_word' id='word_1_402' title='bbox 442 5399 515 5457; x_wconf 89' lang='lat' dir='ltr'>cultu</span> <span class='ocrx_word' id='word_1_403' title='bbox 540 5399 647 5468; x_wconf 87' lang='lat' dir='ltr'>prodire</span> <span class='ocrx_word' id='word_1_404' title='bbox 666 5400 754 5470; x_wconf 84' lang='lat' dir='ltr'>jubet,</span> <span class='ocrx_word' id='word_1_405' title='bbox 770 5410 799 5456; x_wconf 93' lang='lat' dir='ltr'>ut</span> <span class='ocrx_word' id='word_1_406' title='bbox 820 5402 864 5471; x_wconf 87' lang='lat' dir='ltr'>qni</span> <span class='ocrx_word' id='word_1_407' title='bbox 885 5401 964 5456; x_wconf 85' lang='lat' dir='ltr'>modo</span> 
     </span>
     <span class='ocr_line' id='line_1_65' title="bbox 177 5489 963 5557; baseline 0 -15"><span class='ocrx_word' id='word_1_408' title='bbox 177 5501 267 5556; x_wconf 65' lang='grc' dir='ltr'>ιιςιιιι</span> <span class='ocrx_word' id='word_1_409' title='bbox 282 5498 453 5556; x_wconf 88' lang='lat' dir='ltr'>purpuratum</span> <span class='ocrx_word' id='word_1_410' title='bbox 468 5498 570 5557; x_wconf 84' lang='lat' dir='ltr'>egerat,</span> <span class='ocrx_word' id='word_1_411' title='bbox 584 5502 652 5543; x_wconf 91' lang='lat' dir='ltr'>nunc</span> <span class='ocrx_word' id='word_1_412' title='bbox 666 5489 801 5544; x_wconf 78' lang='lat' dir='ltr'>sert-olum</span> <span class='ocrx_word' id='word_1_413' title='bbox 815 5503 963 5555; x_wconf 81' lang='lat' dir='ltr'>portuosum</span> 
     </span>
    </p>
   </div>
   <div class='ocr_carea' id='block_1_19' title="bbox 177 5574 962 5645">
    <p class='ocr_par' dir='ltr' id='par_1_30' title="bbox 177 5574 962 5645">
     <span class='ocr_line' id='line_1_66' title="bbox 177 5574 962 5645; baseline 0.001 -16"><span class='ocrx_word' id='word_1_414' title='bbox 177 5584 261 5643; x_wconf 88' lang='lat' dir='ltr'>gerat.</span> <span class='ocrx_word' id='word_1_415' title='bbox 281 5574 442 5629; x_wconf 80' lang='lat' dir='ltr'>bdumbmta</span> <span class='ocrx_word' id='word_1_416' title='bbox 465 5575 570 5645; x_wconf 90' lang='lat' dir='ltr'>quidem</span> <span class='ocrx_word' id='word_1_417' title='bbox 596 5577 700 5643; x_wconf 86' lang='lat' dir='ltr'>omnia,</span> <span class='ocrx_word' id='word_1_418' title='bbox 721 5576 767 5631; x_wconf 92' lang='lat' dir='ltr'>sed</span> <span class='ocrx_word' id='word_1_419' title='bbox 793 5575 851 5631; x_wconf 88' lang='lat' dir='ltr'>baec</span> <span class='ocrx_word' id='word_1_420' title='bbox 875 5578 962 5630; x_wconf 83' lang='lat' dir='ltr'>fabula</span> 
     </span>
    </p>
   </div>
   <div class='ocr_carea' id='block_1_20' title="bbox 178 5662 963 5745">
    <p class='ocr_par' dir='ltr' id='par_1_31' title="bbox 178 5662 963 5745">
     <span class='ocr_line' id='line_1_67' title="bbox 178 5662 963 5745; baseline 0.001 -28"><span class='ocrx_word' id='word_1_421' title='bbox 178 5676 229 5718; x_wconf 88' lang='lat' dir='ltr'>aaa</span> <span class='ocrx_word' id='word_1_422' title='bbox 245 5664 324 5719; x_wconf 88' lang='lat' dir='ltr'>aliter</span> <span class='ocrx_word' id='word_1_423' title='bbox 345 5666 440 5733; x_wconf 87' lang='lat' dir='ltr'>agitur.</span> <span class='ocrx_word' id='word_1_424' title='bbox 456 5664 548 5719; x_wconf 88' lang='lat' dir='ltr'>Cicero</span> <span class='ocrx_word' id='word_1_425' title='bbox 564 5664 589 5719; x_wconf 91' lang='lat' dir='ltr'>iu</span> <span class='ocrx_word' id='word_1_426' title='bbox 612 5663 712 5720; x_wconf 86' lang='lat' dir='ltr'>Catone</span> <span class='ocrx_word' id='word_1_427' title='bbox 735 5664 828 5720; x_wconf 86' lang='lat' dir='ltr'>ilaiori</span> <span class='ocrx_word' id='word_1_428' title='bbox 840 5682 847 5717; x_wconf 83' lang='lat' dir='ltr'>t</span> <span class='ocrx_word' id='word_1_429' title='bbox 859 5662 896 5745; x_wconf 89' lang='lat' dir='ltr'>lu</span> <span class='ocrx_word' id='word_1_430' title='bbox 913 5664 963 5718; x_wconf 94' lang='lat' dir='ltr'>boc</span> 
     </span>
    </p>
   </div>
   <div class='ocr_carea' id='block_1_21' title="bbox 1019 932 1813 2338">
    <p class='ocr_par' dir='ltr' id='par_1_32' title="bbox 1022 932 1813 1805">
     <span class='ocr_line' id='line_1_68' title="bbox 1026 932 1813 1003; baseline 0.01 -19"><span class='ocrx_word' id='word_1_431' title='bbox 1026 933 1150 999; x_wconf 73' lang='lat' dir='ltr'>parandae</span> <span class='ocrx_word' id='word_1_432' title='bbox 1164 933 1260 1001; x_wconf 87' lang='lat' dir='ltr'>quibus</span> <span class='ocrx_word' id='word_1_433' title='bbox 1274 933 1320 1002; x_wconf 89' lang='lat' dir='ltr'>qui</span> <span class='ocrx_word' id='word_1_434' title='bbox 1342 932 1481 1003; x_wconf 88' lang='lat' dir='ltr'>splendide</span> <span class='ocrx_word' id='word_1_435' title='bbox 1497 939 1537 988; x_wconf 87' lang='lat' dir='ltr'>uti</span> <span class='ocrx_word' id='word_1_436' title='bbox 1556 945 1633 1001; x_wconf 87' lang='lat' dir='ltr'>suut,</span> <span class='ocrx_word' id='word_1_437' title='bbox 1651 936 1670 990; x_wconf 88' lang='lat' dir='ltr'>ii</span> <span class='ocrx_word' id='word_1_438' title='bbox 1691 937 1756 991; x_wconf 78' lang='lat' dir='ltr'>astiti</span> <span class='ocrx_word' id='word_1_439' title='bbox 1771 937 1813 992; x_wconf 80' lang='lat' dir='ltr'>ti·</span> 
     </span>
     <span class='ocr_line' id='line_1_69' title="bbox 1025 1019 1811 1094; baseline 0.009 -22"><span class='ocrx_word' id='word_1_440' title='bbox 1025 1019 1121 1074; x_wconf 87' lang='lat' dir='ltr'>dentur</span> <span class='ocrx_word' id='word_1_441' title='bbox 1144 1021 1256 1074; x_wconf 90' lang='lat' dir='ltr'>fabulam</span> <span class='ocrx_word' id='word_1_442' title='bbox 1271 1020 1358 1075; x_wconf 75' lang='lat' dir='ltr'>aetatis</span> <span class='ocrx_word' id='word_1_443' title='bbox 1382 1023 1527 1090; x_wconf 87' lang='lat' dir='ltr'>peregisse,</span> <span class='ocrx_word' id='word_1_444' title='bbox 1552 1037 1603 1078; x_wconf 91' lang='lat' dir='ltr'>nec</span> <span class='ocrx_word' id='word_1_445' title='bbox 1620 1032 1746 1094; x_wconf 81' lang='lat' dir='ltr'>tanquam</span> <span class='ocrx_word' id='word_1_446' title='bbox 1769 1024 1811 1079; x_wconf 91' lang='lat' dir='ltr'>io-</span> 
     </span>
     <span class='ocr_line' id='line_1_70' title="bbox 1025 1111 1812 1169; baseline 0.005 -5"><span class='ocrx_word' id='word_1_447' title='bbox 1025 1112 1163 1165; x_wconf 83' lang='lat' dir='ltr'>exercitnti</span> <span class='ocrx_word' id='word_1_448' title='bbox 1179 1111 1322 1166; x_wconf 89' lang='lat' dir='ltr'>bistrioaes</span> <span class='ocrx_word' id='word_1_449' title='bbox 1336 1113 1362 1166; x_wconf 91' lang='lat' dir='ltr'>iu</span> <span class='ocrx_word' id='word_1_450' title='bbox 1375 1121 1496 1166; x_wconf 84' lang='lat' dir='ltr'>extremo</span> <span class='ocrx_word' id='word_1_451' title='bbox 1508 1121 1569 1166; x_wconf 92' lang='lat' dir='ltr'>actu</span> <span class='ocrx_word' id='word_1_452' title='bbox 1584 1116 1728 1169; x_wconf 82' lang='lat' dir='ltr'>mrrttisse.</span> <span class='ocrx_word' id='word_1_453' title='bbox 1745 1115 1812 1168; x_wconf 83' lang='lat' dir='ltr'>flur·</span> 
     </span>
     <span class='ocr_line' id='line_1_71' title="bbox 1024 1197 1812 1270; baseline 0.004 -19"><span class='ocrx_word' id='word_1_454' title='bbox 1024 1212 1070 1252; x_wconf 85' lang='lat' dir='ltr'>tus</span> <span class='ocrx_word' id='word_1_455' title='bbox 1091 1200 1116 1252; x_wconf 92' lang='lat' dir='ltr'>iu</span> <span class='ocrx_word' id='word_1_456' title='bbox 1145 1199 1265 1253; x_wconf 86' lang='lat' dir='ltr'>eodeau:</span> <span class='ocrx_word' id='word_1_457' title='bbox 1300 1198 1392 1266; x_wconf 84' lang='lat' dir='ltr'>Neque</span> <span class='ocrx_word' id='word_1_458' title='bbox 1415 1197 1487 1252; x_wconf 90' lang='lat' dir='ltr'>euim</span> <span class='ocrx_word' id='word_1_459' title='bbox 1511 1198 1633 1254; x_wconf 86' lang='lat' dir='ltr'>laistrioni</span> <span class='ocrx_word' id='word_1_460' title='bbox 1652 1210 1682 1255; x_wconf 94' lang='lat' dir='ltr'>ut</span> <span class='ocrx_word' id='word_1_461' title='bbox 1708 1202 1812 1270; x_wconf 86' lang='lat' dir='ltr'>ptaeeat</span> 
     </span>
     <span class='ocr_line' id='line_1_72' title="bbox 1025 1287 1812 1358; baseline -0.001 -16"><span class='ocrx_word' id='word_1_462' title='bbox 1025 1289 1172 1358; x_wconf 90' lang='lat' dir='ltr'>peragenda</span> <span class='ocrx_word' id='word_1_463' title='bbox 1184 1299 1226 1343; x_wconf 76' lang='lat' dir='ltr'>est</span> <span class='ocrx_word' id='word_1_464' title='bbox 1237 1288 1324 1343; x_wconf 82' lang='lat' dir='ltr'>tabat·</span> <span class='ocrx_word' id='word_1_465' title='bbox 1333 1287 1513 1342; x_wconf 86' lang='lat' dir='ltr'>solummodo.</span> <span class='ocrx_word' id='word_1_466' title='bbox 1524 1287 1552 1342; x_wconf 91' lang='lat' dir='ltr'>in</span> <span class='ocrx_word' id='word_1_467' title='bbox 1563 1292 1722 1357; x_wconf 76' lang='lat' dir='ltr'>quocunque</span> <span class='ocrx_word' id='word_1_468' title='bbox 1732 1288 1812 1343; x_wconf 87' lang='lat' dir='ltr'>fuerit</span> 
     </span>
     <span class='ocr_line' id='line_1_73' title="bbox 1024 1374 1812 1446; baseline -0.001 -16"><span class='ocrx_word' id='word_1_469' title='bbox 1024 1386 1099 1442; x_wconf 89' lang='lat' dir='ltr'>actu,</span> <span class='ocrx_word' id='word_1_470' title='bbox 1123 1377 1261 1446; x_wconf 86' lang='lat' dir='ltr'>probetur.</span> <span class='ocrx_word' id='word_1_471' title='bbox 1287 1376 1341 1430; x_wconf 78' lang='lat' dir='ltr'>lieo</span> <span class='ocrx_word' id='word_1_472' title='bbox 1357 1376 1565 1445; x_wconf 90' lang='lat' dir='ltr'>sapientiusque</span> <span class='ocrx_word' id='word_1_473' title='bbox 1586 1376 1619 1431; x_wconf 91' lang='lat' dir='ltr'>ad</span> <span class='ocrx_word' id='word_1_474' title='bbox 1638 1374 1755 1445; x_wconf 85' lang='lat' dir='ltr'>plaudite</span> <span class='ocrx_word' id='word_1_475' title='bbox 1774 1376 1812 1429; x_wconf 84' lang='lat' dir='ltr'>ti·</span> 
     </span>
     <span class='ocr_line' id='line_1_74' title="bbox 1022 1462 1811 1532; baseline -0.003 -12"><span class='ocrx_word' id='word_1_476' title='bbox 1022 1466 1148 1521; x_wconf 90' lang='lat' dir='ltr'>deudum.</span> <span class='ocrx_word' id='word_1_477' title='bbox 1166 1467 1230 1521; x_wconf 89' lang='lat' dir='ltr'>ltem</span> <span class='ocrx_word' id='word_1_478' title='bbox 1244 1466 1293 1521; x_wconf 89' lang='lat' dir='ltr'>sub</span> <span class='ocrx_word' id='word_1_479' title='bbox 1309 1466 1390 1520; x_wconf 89' lang='lat' dir='ltr'>finem</span> <span class='ocrx_word' id='word_1_480' title='bbox 1403 1463 1524 1532; x_wconf 83' lang='lat' dir='ltr'>ejusdem</span> <span class='ocrx_word' id='word_1_481' title='bbox 1546 1462 1642 1532; x_wconf 86' lang='lat' dir='ltr'>dialogi</span> <span class='ocrx_word' id='word_1_482' title='bbox 1655 1463 1811 1519; x_wconf 72' lang='lat' dir='ltr'>aSeuectus</span> 
     </span>
     <span class='ocr_line' id='line_1_75' title="bbox 1023 1546 1811 1626; baseline -0.003 -15"><span class='ocrx_word' id='word_1_483' title='bbox 1023 1568 1110 1611; x_wconf 86' lang='lat' dir='ltr'>autera</span> <span class='ocrx_word' id='word_1_484' title='bbox 1134 1558 1255 1626; x_wconf 88' lang='lat' dir='ltr'>peractio</span> <span class='ocrx_word' id='word_1_485' title='bbox 1278 1546 1431 1611; x_wconf 58' lang='lat' dir='ltr'>atatis&#39;est</span> <span class='ocrx_word' id='word_1_486' title='bbox 1456 1565 1579 1624; x_wconf 89' lang='lat' dir='ltr'>tauquam</span> <span class='ocrx_word' id='word_1_487' title='bbox 1603 1554 1712 1621; x_wconf 82' lang='lat' dir='ltr'>tabutas,</span> <span class='ocrx_word' id='word_1_488' title='bbox 1734 1554 1811 1623; x_wconf 85' lang='lat' dir='ltr'>cujus</span> 
     </span>
     <span class='ocr_line' id='line_1_76' title="bbox 1023 1642 1809 1716; baseline -0.001 -17"><span class='ocrx_word' id='word_1_489' title='bbox 1023 1646 1238 1715; x_wconf 80' lang='lat' dir='ltr'>defatigationem</span> <span class='ocrx_word' id='word_1_490' title='bbox 1253 1647 1347 1716; x_wconf 89' lang='lat' dir='ltr'>fugere</span> <span class='ocrx_word' id='word_1_491' title='bbox 1359 1645 1501 1709; x_wconf 89' lang='lat' dir='ltr'>debemus,</span> <span class='ocrx_word' id='word_1_492' title='bbox 1518 1642 1666 1714; x_wconf 74' lang='lat' dir='ltr'>presertim</span> <span class='ocrx_word' id='word_1_493' title='bbox 1685 1644 1809 1713; x_wconf 81' lang='lat' dir='ltr'>adjuncta</span> 
     </span>
     <span class='ocr_line' id='line_1_77' title="bbox 1023 1733 1314 1805; baseline -0.003 -18"><span class='ocrx_word' id='word_1_494' title='bbox 1023 1733 1155 1787; x_wconf 89' lang='lat' dir='ltr'>satietate.</span> <span class='ocrx_word' id='word_1_495' title='bbox 1310 1798 1314 1805; x_wconf 13' lang='grc' dir='ltr'>ὁ</span> 
     </span>
    </p>

    <p class='ocr_par' dir='ltr' id='par_1_33' title="bbox 1058 1817 1363 1889">
     <span class='ocr_line' id='line_1_78' title="bbox 1058 1817 1363 1889; baseline -0.016 -13"><span class='ocrx_word' id='word_1_496' title='bbox 1058 1817 1173 1889; x_wconf 80' lang='lat' dir='ltr'>Solitas]</span> <span class='ocrx_word' id='word_1_497' title='bbox 1189 1819 1363 1886; x_wconf 85' lang='lat' dir='ltr'>fiepenunus.</span> 
     </span>
    </p>

    <p class='ocr_par' dir='ltr' id='par_1_34' title="bbox 1058 1907 1353 1979">
     <span class='ocr_line' id='line_1_79' title="bbox 1058 1907 1353 1979; baseline -0.003 -17"><span class='ocrx_word' id='word_1_498' title='bbox 1058 1907 1168 1979; x_wconf 79' lang='lat' dir='ltr'>Hospes}</span> <span class='ocrx_word' id='word_1_499' title='bbox 1185 1908 1353 1976; x_wconf 78' lang='lat' dir='ltr'>Peregrinus.</span> 
     </span>
    </p>

    <p class='ocr_par' dir='ltr' id='par_1_35' title="bbox 1019 1995 1809 2338">
     <span class='ocr_line' id='line_1_80' title="bbox 1058 1995 1809 2067; baseline 0.003 -15"><span class='ocrx_word' id='word_1_500' title='bbox 1058 1996 1176 2052; x_wconf 80' lang='lat' dir='ltr'>litteratae</span> <span class='ocrx_word' id='word_1_501' title='bbox 1191 1997 1309 2051; x_wconf 79' lang='lat' dir='ltr'>inmunis</span> <span class='ocrx_word' id='word_1_502' title='bbox 1322 1995 1406 2067; x_wconf 80' lang='lat' dir='ltr'>rebus]</span> <span class='ocrx_word' id='word_1_503' title='bbox 1421 2000 1630 2063; x_wconf 77' lang='lat' dir='ltr'>argumentatur</span> <span class='ocrx_word' id='word_1_504' title='bbox 1642 1999 1678 2052; x_wconf 83' lang='lat' dir='ltr'>ab</span> <span class='ocrx_word' id='word_1_505' title='bbox 1691 1999 1809 2067; x_wconf 82' lang='lat' dir='ltr'>eoquod</span> 
     </span>
     <span class='ocr_line' id='line_1_81' title="bbox 1019 2085 1805 2163; baseline -0.001 -20"><span class='ocrx_word' id='word_1_506' title='bbox 1019 2097 1061 2143; x_wconf 88' lang='lat' dir='ltr'>est</span> <span class='ocrx_word' id='word_1_507' title='bbox 1084 2088 1178 2157; x_wconf 87' lang='lat' dir='ltr'>magis.</span> <span class='ocrx_word' id='word_1_508' title='bbox 1203 2086 1288 2143; x_wconf 89' lang='lat' dir='ltr'>llonm</span> <span class='ocrx_word' id='word_1_509' title='bbox 1312 2088 1370 2156; x_wconf 82' lang='lat' dir='ltr'>ipse</span> <span class='ocrx_word' id='word_1_510' title='bbox 1389 2088 1590 2153; x_wconf 86' lang='lat' dir='ltr'>corruptionem</span> <span class='ocrx_word' id='word_1_511' title='bbox 1613 2085 1730 2156; x_wconf 87' lang='lat' dir='ltr'>eflugara</span> <span class='ocrx_word' id='word_1_512' title='bbox 1747 2102 1805 2163; x_wconf 78' lang='lat' dir='ltr'>non</span> 
     </span>
     <span class='ocr_line' id='line_1_82' title="bbox 1021 2176 1808 2248; baseline 0.003 -16"><span class='ocrx_word' id='word_1_513' title='bbox 1021 2186 1121 2247; x_wconf 87' lang='lat' dir='ltr'>potest,</span> <span class='ocrx_word' id='word_1_514' title='bbox 1131 2193 1192 2232; x_wconf 88' lang='lat' dir='ltr'>curu</span> <span class='ocrx_word' id='word_1_515' title='bbox 1204 2192 1276 2247; x_wconf 76' lang='lat' dir='ltr'>saepe</span> <span class='ocrx_word' id='word_1_516' title='bbox 1290 2177 1429 2247; x_wconf 87' lang='lat' dir='ltr'>repentina</span> <span class='ocrx_word' id='word_1_517' title='bbox 1442 2186 1529 2247; x_wconf 76' lang='lat' dir='ltr'>morto</span> <span class='ocrx_word' id='word_1_518' title='bbox 1538 2176 1711 2234; x_wconf 71' lang='lat' dir='ltr'>dissolvatur.</span> <span class='ocrx_word' id='word_1_519' title='bbox 1726 2180 1808 2248; x_wconf 72' lang='lat' dir='ltr'>liulttt</span> 
     </span>
     <span class='ocr_line' id='line_1_83' title="bbox 1021 2268 1806 2338; baseline 0.004 -16"><span class='ocrx_word' id='word_1_520' title='bbox 1021 2268 1099 2338; x_wconf 89' lang='lat' dir='ltr'>igitur</span> <span class='ocrx_word' id='word_1_521' title='bbox 1113 2272 1201 2322; x_wconf 87' lang='lat' dir='ltr'>tnittos</span> <span class='ocrx_word' id='word_1_522' title='bbox 1215 2270 1295 2325; x_wconf 90' lang='lat' dir='ltr'>rebus</span> <span class='ocrx_word' id='word_1_523' title='bbox 1311 2268 1434 2323; x_wconf 92' lang='lat' dir='ltr'>bumanis</span> <span class='ocrx_word' id='word_1_524' title='bbox 1454 2269 1524 2324; x_wconf 82' lang='lat' dir='ltr'>inest</span> <span class='ocrx_word' id='word_1_525' title='bbox 1536 2270 1698 2325; x_wconf 88' lang='lat' dir='ltr'>constantia.</span> <span class='ocrx_word' id='word_1_526' title='bbox 1713 2270 1806 2325; x_wconf 85' lang='lat' dir='ltr'>iiorat.</span> 
     </span>
    </p>
   </div>
   <div class='ocr_carea' id='block_1_22' title="bbox 1011 2360 1263 2428">
    <p class='ocr_par' dir='ltr' id='par_1_36' title="bbox 1011 2360 1263 2428">
     <span class='ocr_line' id='line_1_84' title="bbox 1011 2360 1263 2428; baseline 0.004 -17"><span class='ocrx_word' id='word_1_527' title='bbox 1011 2360 1045 2411; x_wconf 80' lang='lat' dir='ltr'>&#39;in</span> <span class='ocrx_word' id='word_1_528' title='bbox 1060 2363 1124 2413; x_wconf 79' lang='lat' dir='ltr'>Arte</span> <span class='ocrx_word' id='word_1_529' title='bbox 1137 2362 1240 2428; x_wconf 82' lang='lat' dir='ltr'>poetice</span> <span class='ocrx_word' id='word_1_530' title='bbox 1255 2376 1263 2412; x_wconf 76' lang='grc' dir='ltr'>ι</span> 
     </span>
    </p>
   </div>
   <div class='ocr_carea' id='block_1_23' title="bbox 1020 2472 1805 2696">
    <p class='ocr_par' dir='ltr' id='par_1_37' title="bbox 1020 2472 1805 2696">
     <span class='ocr_line' id='line_1_85' title="bbox 1081 2472 1501 2532; baseline 0.005 -12"><span class='ocrx_word' id='word_1_531' title='bbox 1081 2472 1205 2521; x_wconf 78' lang='grc' dir='ltr'>ὓιιιιιιιιιι</span> <span class='ocrx_word' id='word_1_532' title='bbox 1217 2474 1287 2521; x_wconf 89' lang='lat' dir='ltr'>morti</span> <span class='ocrx_word' id='word_1_533' title='bbox 1303 2485 1347 2521; x_wconf 88' lang='lat' dir='ltr'>nos</span> <span class='ocrx_word' id='word_1_534' title='bbox 1358 2479 1501 2532; x_wconf 88' lang='lat' dir='ltr'>nostraque.</span> 
     </span>
     <span class='ocr_line' id='line_1_86' title="bbox 1058 2551 1805 2624; baseline 0.009 -20"><span class='ocrx_word' id='word_1_535' title='bbox 1058 2551 1139 2605; x_wconf 72' lang='lat' dir='ltr'>telos</span> <span class='ocrx_word' id='word_1_536' title='bbox 1161 2551 1235 2624; x_wconf 84' lang='lat' dir='ltr'>bora]</span> <span class='ocrx_word' id='word_1_537' title='bbox 1260 2552 1340 2607; x_wconf 82' lang='lat' dir='ltr'>Vetus</span> <span class='ocrx_word' id='word_1_538' title='bbox 1364 2560 1407 2608; x_wconf 63' lang='lat' dir='ltr'>est</span> <span class='ocrx_word' id='word_1_539' title='bbox 1432 2553 1495 2606; x_wconf 88' lang='lat' dir='ltr'>ttiuo</span> <span class='ocrx_word' id='word_1_540' title='bbox 1517 2552 1644 2609; x_wconf 78' lang='lat' dir='ltr'>Varronis</span> <span class='ocrx_word' id='word_1_541' title='bbox 1664 2552 1805 2623; x_wconf 77' lang='lat' dir='ltr'>atlag&#39;tatti,</span> 
     </span>
     <span class='ocr_line' id='line_1_87' title="bbox 1020 2639 1346 2696; baseline 0 -2"><span class='ocrx_word' id='word_1_542' title='bbox 1020 2639 1105 2694; x_wconf 91' lang='lat' dir='ltr'>llotno</span> <span class='ocrx_word' id='word_1_543' title='bbox 1118 2641 1199 2696; x_wconf 91' lang='lat' dir='ltr'>bulla.</span> <span class='ocrx_word' id='word_1_544' title='bbox 1215 2641 1327 2696; x_wconf 89' lang='lat' dir='ltr'>Faustus</span> <span class='ocrx_word' id='word_1_545' title='bbox 1340 2660 1346 2694; x_wconf 93' lang='lat'>:</span> 
     </span>
    </p>
   </div>
   <div class='ocr_carea' id='block_1_24' title="bbox 1094 2731 1730 2916">
    <p class='ocr_par' dir='ltr' id='par_1_38' title="bbox 1094 2731 1730 2916">
     <span class='ocr_line' id='line_1_88' title="bbox 1095 2731 1637 2794; baseline 0.009 -14"><span class='ocrx_word' id='word_1_546' title='bbox 1095 2731 1197 2781; x_wconf 84' lang='lat' dir='ltr'>Subdita</span> <span class='ocrx_word' id='word_1_547' title='bbox 1207 2733 1255 2781; x_wconf 90' lang='lat' dir='ltr'>sint</span> <span class='ocrx_word' id='word_1_548' title='bbox 1266 2739 1337 2782; x_wconf 89' lang='lat' dir='ltr'>certo</span> <span class='ocrx_word' id='word_1_549' title='bbox 1348 2732 1457 2781; x_wconf 87' lang='lat' dir='ltr'>mortalia</span> <span class='ocrx_word' id='word_1_550' title='bbox 1469 2746 1569 2794; x_wconf 85' lang='lat' dir='ltr'>corpora</span> <span class='ocrx_word' id='word_1_551' title='bbox 1580 2735 1637 2785; x_wconf 89' lang='lat' dir='ltr'>fato.</span> 
     </span>
     <span class='ocr_line' id='line_1_89' title="bbox 1094 2792 1688 2901; baseline 0.005 -60"><span class='ocrx_word' id='word_1_552' title='bbox 1094 2851 1100 2867; x_wconf 39' lang='lat'><em>¹</em></span> <span class='ocrx_word' id='word_1_553' title='bbox 1125 2792 1265 2863; x_wconf 80' lang='lat' dir='ltr'>Cunctaque</span> <span class='ocrx_word' id='word_1_554' title='bbox 1278 2794 1394 2855; x_wconf 80' lang='lat' dir='ltr'>praecipiti</span> <span class='ocrx_word' id='word_1_555' title='bbox 1402 2802 1516 2901; x_wconf 59' lang='lat' dir='ltr'>ternpora</span> <span class='ocrx_word' id='word_1_556' title='bbox 1528 2796 1592 2866; x_wconf 69' lang='lat' dir='ltr'>itura</span> <span class='ocrx_word' id='word_1_557' title='bbox 1605 2804 1688 2867; x_wconf 84' lang='lat' dir='ltr'>ruunt.</span> 
     </span>
     <span class='ocr_line' id='line_1_90' title="bbox 1099 2851 1730 2916; baseline 0.005 -16"><span class='ocrx_word' id='word_1_558' title='bbox 1099 2851 1153 2900; x_wconf 82' lang='lat' dir='ltr'>fatu</span> <span class='ocrx_word' id='word_1_559' title='bbox 1165 2865 1234 2900; x_wconf 85' lang='lat' dir='ltr'>nttuts</span> <span class='ocrx_word' id='word_1_560' title='bbox 1244 2854 1301 2900; x_wconf 86' lang='lat' dir='ltr'>ltttut</span> <span class='ocrx_word' id='word_1_561' title='bbox 1310 2866 1373 2900; x_wconf 82' lang='lat' dir='ltr'>mutu</span> <span class='ocrx_word' id='word_1_562' title='bbox 1386 2852 1448 2901; x_wconf 79' lang='lat' dir='ltr'>celtu</span> <span class='ocrx_word' id='word_1_563' title='bbox 1474 2866 1553 2913; x_wconf 83' lang='lat' dir='ltr'>genus·</span> <span class='ocrx_word' id='word_1_564' title='bbox 1565 2864 1649 2905; x_wconf 85' lang='lat' dir='ltr'>ttttetti</span> <span class='ocrx_word' id='word_1_565' title='bbox 1660 2856 1730 2916; x_wconf 82' lang='lat' dir='ltr'>bora,</span> 
     </span>
    </p>
   </div>
   <div class='ocr_carea' id='block_1_25' title="bbox 1017 2912 1803 3066">
    <p class='ocr_par' dir='ltr' id='par_1_39' title="bbox 1017 2912 1803 3066">
     <span class='ocr_line' id='line_1_91' title="bbox 1128 2912 1696 2977; baseline 0.009 -17"><span class='ocrx_word' id='word_1_566' title='bbox 1128 2912 1235 2973; x_wconf 83' lang='lat' dir='ltr'>Turgtda</span> <span class='ocrx_word' id='word_1_567' title='bbox 1245 2925 1316 2974; x_wconf 89' lang='lat' dir='ltr'>quam</span> <span class='ocrx_word' id='word_1_568' title='bbox 1326 2913 1414 2974; x_wconf 80' lang='lat' dir='ltr'>piutita</span> <span class='ocrx_word' id='word_1_569' title='bbox 1424 2914 1488 2961; x_wconf 88' lang='lat' dir='ltr'>bulla</span> <span class='ocrx_word' id='word_1_570' title='bbox 1498 2914 1609 2976; x_wconf 79' lang='lat' dir='ltr'>liquescit</span> <span class='ocrx_word' id='word_1_571' title='bbox 1619 2929 1696 2977; x_wconf 73' lang='lat' dir='ltr'>aqum.</span> 
     </span>
     <span class='ocr_line' id='line_1_92' title="bbox 1017 2991 1803 3066; baseline 0.008 -20"><span class='ocrx_word' id='word_1_572' title='bbox 1017 2991 1084 3058; x_wconf 85' lang='lat' dir='ltr'>Quid</span> <span class='ocrx_word' id='word_1_573' title='bbox 1099 3002 1141 3048; x_wconf 92' lang='lat' dir='ltr'>est</span> <span class='ocrx_word' id='word_1_574' title='bbox 1154 2994 1251 3049; x_wconf 87' lang='lat' dir='ltr'>botnoi</span> <span class='ocrx_word' id='word_1_575' title='bbox 1274 2995 1358 3064; x_wconf 89' lang='lat' dir='ltr'>inquit</span> <span class='ocrx_word' id='word_1_576' title='bbox 1381 2996 1495 3050; x_wconf 88' lang='lat' dir='ltr'>Seneca.</span> <span class='ocrx_word' id='word_1_577' title='bbox 1515 2995 1658 3062; x_wconf 84' lang='lat' dir='ltr'>Quodlibet</span> <span class='ocrx_word' id='word_1_578' title='bbox 1677 3008 1803 3066; x_wconf 88' lang='lat' dir='ltr'>quassttm</span> 
     </span>
    </p>
   </div>
   <div class='ocr_carea' id='block_1_26' title="bbox 979 3083 1806 3169">
    <p class='ocr_par' dir='ltr' id='par_1_40' title="bbox 979 3083 1806 3169">
     <span class='ocr_line' id='line_1_93' title="bbox 979 3083 1806 3169; baseline 0.013 -38"><span class='ocrx_word' id='word_1_579' title='bbox 979 3107 1002 3169; x_wconf 69' lang='lat' dir='ltr'>C</span> <span class='ocrx_word' id='word_1_580' title='bbox 1017 3095 1074 3143; x_wconf 82' lang='grc' dir='ltr'>ιιι,</span> <span class='ocrx_word' id='word_1_581' title='bbox 1090 3091 1116 3137; x_wconf 88' lang='grc' dir='ltr'>ιι</span> <span class='ocrx_word' id='word_1_582' title='bbox 1130 3083 1266 3152; x_wconf 88' lang='lat' dir='ltr'>quodlibet</span> <span class='ocrx_word' id='word_1_583' title='bbox 1278 3083 1371 3154; x_wconf 91' lang='lat' dir='ltr'>fragile</span> <span class='ocrx_word' id='word_1_584' title='bbox 1383 3085 1494 3154; x_wconf 77' lang='lat' dir='ltr'>iactatu.</span> <span class='ocrx_word' id='word_1_585' title='bbox 1507 3085 1575 3152; x_wconf 84' lang='lat' dir='ltr'>Quid</span> <span class='ocrx_word' id='word_1_586' title='bbox 1588 3095 1631 3141; x_wconf 92' lang='grc' dir='ltr'>ιιι</span> <span class='ocrx_word' id='word_1_587' title='bbox 1644 3085 1743 3140; x_wconf 87' lang='lat' dir='ltr'>bomoi</span> <span class='ocrx_word' id='word_1_588' title='bbox 1756 3088 1806 3142; x_wconf 86' lang='lat' dir='ltr'>im·</span> 
     </span>
    </p>
   </div>
   <div class='ocr_carea' id='block_1_27' title="bbox 1017 3166 1806 3424">
    <p class='ocr_par' dir='ltr' id='par_1_41' title="bbox 1017 3166 1806 3424">
     <span class='ocr_line' id='line_1_94' title="bbox 1017 3166 1805 3244; baseline 0.008 -22"><span class='ocrx_word' id='word_1_589' title='bbox 1017 3166 1217 3224; x_wconf 89' lang='lat' dir='ltr'>becillissimum</span> <span class='ocrx_word' id='word_1_590' title='bbox 1231 3180 1330 3241; x_wconf 90' lang='lat' dir='ltr'>corpus</span> <span class='ocrx_word' id='word_1_591' title='bbox 1349 3182 1376 3227; x_wconf 89' lang='lat' dir='ltr'>et</span> <span class='ocrx_word' id='word_1_592' title='bbox 1395 3173 1498 3241; x_wconf 86' lang='lat' dir='ltr'>fragile,</span> <span class='ocrx_word' id='word_1_593' title='bbox 1515 3174 1615 3228; x_wconf 88' lang='lat' dir='ltr'>nudmn</span> <span class='ocrx_word' id='word_1_594' title='bbox 1639 3183 1736 3244; x_wconf 86' lang='lat' dir='ltr'>suapte</span> <span class='ocrx_word' id='word_1_595' title='bbox 1756 3190 1805 3228; x_wconf 91' lang='lat' dir='ltr'>aa·</span> 
     </span>
     <span class='ocr_line' id='line_1_95' title="bbox 1017 3262 1806 3335; baseline 0.009 -20"><span class='ocrx_word' id='word_1_596' title='bbox 1017 3269 1091 3325; x_wconf 87' lang='grc' dir='ltr'>ιιιιι,</span> <span class='ocrx_word' id='word_1_597' title='bbox 1108 3262 1220 3328; x_wconf 90' lang='lat' dir='ltr'>inerme,</span> <span class='ocrx_word' id='word_1_598' title='bbox 1234 3262 1328 3319; x_wconf 74' lang='lat' dir='ltr'>alienus</span> <span class='ocrx_word' id='word_1_599' title='bbox 1350 3265 1409 3332; x_wconf 88' lang='lat' dir='ltr'>opis</span> <span class='ocrx_word' id='word_1_600' title='bbox 1428 3263 1560 3335; x_wconf 84' lang='lat' dir='ltr'>indigens,</span> <span class='ocrx_word' id='word_1_601' title='bbox 1574 3265 1606 3318; x_wconf 86' lang='lat' dir='ltr'>ad</span> <span class='ocrx_word' id='word_1_602' title='bbox 1622 3280 1728 3325; x_wconf 80' lang='lat' dir='ltr'>omnent</span> <span class='ocrx_word' id='word_1_603' title='bbox 1751 3266 1806 3322; x_wconf 83' lang='lat' dir='ltr'>for-</span> 
     </span>
     <span class='ocr_line' id='line_1_96' title="bbox 1017 3353 1804 3424; baseline 0.01 -20"><span class='ocrx_word' id='word_1_604' title='bbox 1017 3361 1087 3405; x_wconf 73' lang='lat' dir='ltr'>tunae</span> <span class='ocrx_word' id='word_1_605' title='bbox 1101 3353 1287 3407; x_wconf 90' lang='lat' dir='ltr'>contumeliam</span> <span class='ocrx_word' id='word_1_606' title='bbox 1303 3356 1467 3424; x_wconf 83' lang='lat' dir='ltr'>projectum,</span> <span class='ocrx_word' id='word_1_607' title='bbox 1483 3355 1587 3422; x_wconf 76' lang='lat' dir='ltr'>trigoris</span> <span class='ocrx_word' id='word_1_608' title='bbox 1601 3366 1643 3410; x_wconf 91' lang='lat' dir='ltr'>est</span> <span class='ocrx_word' id='word_1_609' title='bbox 1661 3368 1690 3411; x_wconf 89' lang='lat' dir='ltr'>ct</span> <span class='ocrx_word' id='word_1_610' title='bbox 1701 3358 1804 3412; x_wconf 85' lang='lat' dir='ltr'>laboris</span> 
     </span>
    </p>
   </div>
   <div class='ocr_carea' id='block_1_28' title="bbox 1016 3442 1896 3515">
    <p class='ocr_par' dir='ltr' id='par_1_42' title="bbox 1016 3442 1896 3515">
     <span class='ocr_line' id='line_1_97' title="bbox 1016 3442 1896 3515; baseline 0.01 -19"><span class='ocrx_word' id='word_1_611' title='bbox 1016 3442 1166 3511; x_wconf 74' lang='lat' dir='ltr'>trapsilam,</span> <span class='ocrx_word' id='word_1_612' title='bbox 1180 3459 1213 3499; x_wconf 83' lang='lat' dir='ltr'>ex</span> <span class='ocrx_word' id='word_1_613' title='bbox 1228 3444 1340 3499; x_wconf 90' lang='lat' dir='ltr'>infirmis</span> <span class='ocrx_word' id='word_1_614' title='bbox 1353 3445 1494 3515; x_wconf 82' lang='lat' dir='ltr'>fluidisque</span> <span class='ocrx_word' id='word_1_615' title='bbox 1504 3447 1753 3503; x_wconf 78' lang='lat' dir='ltr'>contextumssdm·</span> <span class='ocrx_word' id='word_1_616' title='bbox 1766 3447 1806 3505; x_wconf 86' lang='lat' dir='ltr'>itt</span> <span class='ocrx_word' id='word_1_617' title='bbox 1892 3490 1896 3495; x_wconf 80' lang='lat'>-</span> 
     </span>
    </p>
   </div>
   <div class='ocr_carea' id='block_1_29' title="bbox 1015 3534 1905 4037">
    <p class='ocr_par' dir='ltr' id='par_1_43' title="bbox 1015 3534 1905 4037">
     <span class='ocr_line' id='line_1_98' title="bbox 1016 3534 1804 3606; baseline 0.013 -22"><span class='ocrx_word' id='word_1_618' title='bbox 1016 3548 1160 3602; x_wconf 79' lang='lat' dir='ltr'>saporque,</span> <span class='ocrx_word' id='word_1_619' title='bbox 1181 3543 1210 3588; x_wconf 93' lang='lat' dir='ltr'>et</span> <span class='ocrx_word' id='word_1_620' title='bbox 1229 3534 1369 3601; x_wconf 86' lang='lat' dir='ltr'>lassitudo,</span> <span class='ocrx_word' id='word_1_621' title='bbox 1383 3544 1412 3590; x_wconf 92' lang='grc' dir='ltr'>ιι</span> <span class='ocrx_word' id='word_1_622' title='bbox 1431 3535 1531 3606; x_wconf 81' lang='lat' dir='ltr'>vigilia,</span> <span class='ocrx_word' id='word_1_623' title='bbox 1549 3536 1656 3603; x_wconf 90' lang='lat' dir='ltr'>itamar,</span> <span class='ocrx_word' id='word_1_624' title='bbox 1670 3548 1698 3593; x_wconf 89' lang='lat' dir='ltr'>et</span> <span class='ocrx_word' id='word_1_625' title='bbox 1715 3538 1804 3604; x_wconf 69' lang='lat' dir='ltr'>ebus,</span> 
     </span>
     <span class='ocr_line' id='line_1_99' title="bbox 1016 3627 1806 3699; baseline 0.01 -20"><span class='ocrx_word' id='word_1_626' title='bbox 1016 3627 1073 3680; x_wconf 86' lang='lat' dir='ltr'>sinc</span> <span class='ocrx_word' id='word_1_627' title='bbox 1086 3627 1182 3694; x_wconf 91' lang='lat' dir='ltr'>quibus</span> <span class='ocrx_word' id='word_1_628' title='bbox 1198 3627 1290 3683; x_wconf 80' lang='lat' dir='ltr'>nitere</span> <span class='ocrx_word' id='word_1_629' title='bbox 1303 3642 1356 3682; x_wconf 91' lang='lat' dir='ltr'>non</span> <span class='ocrx_word' id='word_1_630' title='bbox 1373 3637 1475 3699; x_wconf 89' lang='lat' dir='ltr'>potest,</span> <span class='ocrx_word' id='word_1_631' title='bbox 1493 3629 1632 3687; x_wconf 87' lang='lat' dir='ltr'>mortifera</span> <span class='ocrx_word' id='word_1_632' title='bbox 1647 3641 1718 3685; x_wconf 93' lang='lat' dir='ltr'>sunt.</span> <span class='ocrx_word' id='word_1_633' title='bbox 1733 3632 1806 3699; x_wconf 82' lang='lat' dir='ltr'>Quo·</span> 
     </span>
     <span class='ocr_line' id='line_1_100' title="bbox 1015 3720 1805 3785; baseline 0.011 -17"><span class='ocrx_word' id='word_1_634' title='bbox 1015 3729 1121 3785; x_wconf 91' lang='lat' dir='ltr'>conque</span> <span class='ocrx_word' id='word_1_635' title='bbox 1134 3731 1164 3771; x_wconf 88' lang='lat' dir='ltr'>se</span> <span class='ocrx_word' id='word_1_636' title='bbox 1185 3729 1288 3780; x_wconf 78' lang='lat' dir='ltr'>intonet,</span> <span class='ocrx_word' id='word_1_637' title='bbox 1309 3720 1471 3776; x_wconf 88' lang='lat' dir='ltr'>intirmitatis</span> <span class='ocrx_word' id='word_1_638' title='bbox 1492 3736 1548 3776; x_wconf 73' lang='lat' dir='ltr'>suco</span> <span class='ocrx_word' id='word_1_639' title='bbox 1570 3724 1659 3777; x_wconf 88' lang='lat' dir='ltr'>statim</span> <span class='ocrx_word' id='word_1_640' title='bbox 1680 3724 1805 3778; x_wconf 85' lang='lat' dir='ltr'>oottscius</span> 
     </span>
     <span class='ocr_line' id='line_1_101' title="bbox 1016 3806 1804 3876; baseline 0.013 -19"><span class='ocrx_word' id='word_1_641' title='bbox 1016 3806 1178 3860; x_wconf 77' lang='lat' dir='ltr'>tenuissimis</span> <span class='ocrx_word' id='word_1_642' title='bbox 1193 3807 1280 3861; x_wconf 87' lang='lat' dir='ltr'>causis</span> <span class='ocrx_word' id='word_1_643' title='bbox 1301 3818 1383 3876; x_wconf 88' lang='lat' dir='ltr'>atque</span> <span class='ocrx_word' id='word_1_644' title='bbox 1401 3807 1593 3864; x_wconf 76' lang='lat' dir='ltr'>oueatstonttns</span> <span class='ocrx_word' id='word_1_645' title='bbox 1615 3811 1752 3866; x_wconf 81' lang='lat' dir='ltr'>montaldus</span> <span class='ocrx_word' id='word_1_646' title='bbox 1772 3827 1804 3867; x_wconf 87' lang='lat' dir='ltr'>ac</span> 
     </span>
     <span class='ocr_line' id='line_1_102' title="bbox 1015 3894 1905 3968; baseline 0.007 -21"><span class='ocrx_word' id='word_1_647' title='bbox 1015 3894 1111 3962; x_wconf 90' lang='lat' dir='ltr'>putris.</span> <span class='ocrx_word' id='word_1_648' title='bbox 1132 3895 1227 3950; x_wconf 87' lang='lat' dir='ltr'>ilerito</span> <span class='ocrx_word' id='word_1_649' title='bbox 1250 3896 1340 3967; x_wconf 83' lang='lat' dir='ltr'>itaque</span> <span class='ocrx_word' id='word_1_650' title='bbox 1358 3896 1456 3952; x_wconf 88' lang='lat' dir='ltr'>cecinit</span> <span class='ocrx_word' id='word_1_651' title='bbox 1474 3898 1688 3967; x_wconf 79' lang='lat' dir='ltr'>sapientissimus</span> <span class='ocrx_word' id='word_1_652' title='bbox 1710 3909 1803 3968; x_wconf 90' lang='lat' dir='ltr'>poeta·</span> <span class='ocrx_word' id='word_1_653' title='bbox 1898 3942 1905 3953; x_wconf 86' lang='lat'>.</span> 
     </span>
     <span class='ocr_line' id='line_1_103' title="bbox 1016 3998 1457 4037; baseline 0.009 0"><span class='ocrx_word' id='word_1_654' title='bbox 1016 3998 1073 4037; x_wconf 84' lang='grc' dir='ltr'>ιιιι</span> <span class='ocrx_word' id='word_1_655' title='bbox 1088 3999 1096 4037; x_wconf 89' lang='lat'>:</span> <span class='ocrx_word' id='word_1_656' title='bbox 1453 4008 1457 4013; x_wconf 64' lang='grc'>’</span> 
     </span>
    </p>
   </div>
   <div class='ocr_carea' id='block_1_30' title="bbox 1077 4093 1799 4160">
    <p class='ocr_par' dir='ltr' id='par_1_44' title="bbox 1077 4093 1799 4160">
     <span class='ocr_line' id='line_1_104' title="bbox 1077 4093 1799 4160; baseline 0.008 -17"><span class='ocrx_word' id='word_1_657' title='bbox 1077 4093 1138 4143; x_wconf 80' lang='lat' dir='ltr'>&#39;lale</span> <span class='ocrx_word' id='word_1_658' title='bbox 1149 4095 1247 4156; x_wconf 86' lang='lat' dir='ltr'>quidem</span> <span class='ocrx_word' id='word_1_659' title='bbox 1260 4108 1339 4157; x_wconf 90' lang='lat' dir='ltr'>genus</span> <span class='ocrx_word' id='word_1_660' title='bbox 1350 4102 1388 4145; x_wconf 90' lang='lat' dir='ltr'>est</span> <span class='ocrx_word' id='word_1_661' title='bbox 1399 4098 1535 4159; x_wconf 86' lang='lat' dir='ltr'>bominum,</span> <span class='ocrx_word' id='word_1_662' title='bbox 1547 4098 1621 4160; x_wconf 88' lang='lat' dir='ltr'>quale</span> <span class='ocrx_word' id='word_1_663' title='bbox 1632 4107 1671 4148; x_wconf 88' lang='lat' dir='ltr'>ost</span> <span class='ocrx_word' id='word_1_664' title='bbox 1680 4094 1799 4149; x_wconf 86' lang='lat' dir='ltr'>loliorum.</span> 
     </span>
    </p>
   </div>
   <div class='ocr_carea' id='block_1_31' title="bbox 1014 4193 1806 4450">
    <p class='ocr_par' dir='ltr' id='par_1_45' title="bbox 1014 4193 1806 4450">
     <span class='ocr_line' id='line_1_105' title="bbox 1051 4193 1806 4270; baseline 0.009 -22"><span class='ocrx_word' id='word_1_665' title='bbox 1051 4193 1190 4270; x_wconf 85' lang='lat' dir='ltr'>Fortuitis]</span> <span class='ocrx_word' id='word_1_666' title='bbox 1212 4197 1293 4252; x_wconf 80' lang='lat' dir='ltr'>lionis</span> <span class='ocrx_word' id='word_1_667' title='bbox 1312 4197 1436 4255; x_wconf 79' lang='lat' dir='ltr'>fortunae.</span> <span class='ocrx_word' id='word_1_668' title='bbox 1450 4200 1571 4255; x_wconf 76' lang='lat' dir='ltr'>Valerius</span> <span class='ocrx_word' id='word_1_669' title='bbox 1592 4200 1722 4257; x_wconf 84' lang='lat' dir='ltr'>ilarltnus</span> <span class='ocrx_word' id='word_1_670' title='bbox 1738 4203 1806 4257; x_wconf 78' lang='lat' dir='ltr'>libro</span> 
     </span>
     <span class='ocr_line' id='line_1_106' title="bbox 1014 4288 1804 4361; baseline 0.006 -19"><span class='ocrx_word' id='word_1_671' title='bbox 1014 4288 1239 4355; x_wconf 84' lang='lat' dir='ltr'>sesto,Caduca</span> <span class='ocrx_word' id='word_1_672' title='bbox 1268 4290 1377 4345; x_wconf 90' lang='lat' dir='ltr'>nimium</span> <span class='ocrx_word' id='word_1_673' title='bbox 1416 4298 1448 4345; x_wconf 91' lang='lat' dir='ltr'>et</span> <span class='ocrx_word' id='word_1_674' title='bbox 1470 4292 1573 4360; x_wconf 86' lang='lat' dir='ltr'>fragilia</span> <span class='ocrx_word' id='word_1_675' title='bbox 1607 4288 1804 4361; x_wconf 67' lang='lat' dir='ltr'>puerilibusque</span> 
     </span>
     <span class='ocr_line' id='line_1_107' title="bbox 1015 4378 1805 4450; baseline 0.013 -23"><span class='ocrx_word' id='word_1_676' title='bbox 1015 4384 1192 4429; x_wconf 82' lang='lat' dir='ltr'>consentanea</span> <span class='ocrx_word' id='word_1_677' title='bbox 1206 4378 1321 4447; x_wconf 83' lang='lat' dir='ltr'>crepidis</span> <span class='ocrx_word' id='word_1_678' title='bbox 1336 4389 1400 4433; x_wconf 89' lang='lat' dir='ltr'>sunt</span> <span class='ocrx_word' id='word_1_679' title='bbox 1413 4380 1476 4444; x_wconf 88' lang='lat' dir='ltr'>ista,</span> <span class='ocrx_word' id='word_1_680' title='bbox 1490 4395 1549 4448; x_wconf 82' lang='lat' dir='ltr'>quae</span> <span class='ocrx_word' id='word_1_681' title='bbox 1565 4381 1634 4435; x_wconf 81' lang='lat' dir='ltr'>vires</span> <span class='ocrx_word' id='word_1_682' title='bbox 1647 4391 1726 4448; x_wconf 83' lang='lat' dir='ltr'>atque</span> <span class='ocrx_word' id='word_1_683' title='bbox 1738 4397 1805 4450; x_wconf 84' lang='lat' dir='ltr'>opes</span> 
     </span>
    </p>
   </div>
   <div class='ocr_carea' id='block_1_32' title="bbox 977 4463 1804 4537">
    <p class='ocr_par' dir='ltr' id='par_1_46' title="bbox 977 4463 1804 4537">
     <span class='ocr_line' id='line_1_108' title="bbox 977 4463 1804 4537; baseline 0.011 -21"><span class='ocrx_word' id='word_1_684' title='bbox 977 4472 1004 4531; x_wconf 87' lang='lat'>1)</span> <span class='ocrx_word' id='word_1_685' title='bbox 1017 4463 1139 4521; x_wconf 82' lang='lat' dir='ltr'>humanas</span> <span class='ocrx_word' id='word_1_686' title='bbox 1148 4480 1287 4523; x_wconf 83' lang='lat' dir='ltr'>uocantur.</span> <span class='ocrx_word' id='word_1_687' title='bbox 1304 4468 1423 4524; x_wconf 83' lang='lat' dir='ltr'>dilluunt</span> <span class='ocrx_word' id='word_1_688' title='bbox 1435 4472 1533 4534; x_wconf 86' lang='lat' dir='ltr'>subito,</span> <span class='ocrx_word' id='word_1_689' title='bbox 1550 4479 1660 4537; x_wconf 87' lang='lat' dir='ltr'>tepente</span> <span class='ocrx_word' id='word_1_690' title='bbox 1672 4470 1804 4525; x_wconf 73' lang='lat' dir='ltr'>‘dilabun-</span> 
     </span>
    </p>
   </div>
   <div class='ocr_carea' id='block_1_33' title="bbox 1014 4556 1805 5351">
    <p class='ocr_par' dir='ltr' id='par_1_47' title="bbox 1014 4556 1805 5170">
     <span class='ocr_line' id='line_1_109' title="bbox 1016 4556 1802 4626; baseline 0.005 -18"><span class='ocrx_word' id='word_1_691' title='bbox 1016 4563 1068 4621; x_wconf 87' lang='lat' dir='ltr'>tur,</span> <span class='ocrx_word' id='word_1_692' title='bbox 1084 4556 1158 4611; x_wconf 93' lang='lat' dir='ltr'>uullo</span> <span class='ocrx_word' id='word_1_693' title='bbox 1171 4557 1198 4610; x_wconf 92' lang='lat' dir='ltr'>in</span> <span class='ocrx_word' id='word_1_694' title='bbox 1221 4557 1292 4622; x_wconf 86' lang='lat' dir='ltr'>loco,</span> <span class='ocrx_word' id='word_1_695' title='bbox 1309 4558 1378 4611; x_wconf 79' lang='lat' dir='ltr'>nulia</span> <span class='ocrx_word' id='word_1_696' title='bbox 1400 4559 1427 4613; x_wconf 94' lang='lat' dir='ltr'>ln</span> <span class='ocrx_word' id='word_1_697' title='bbox 1443 4573 1555 4626; x_wconf 87' lang='lat' dir='ltr'>persona</span> <span class='ocrx_word' id='word_1_698' title='bbox 1576 4558 1716 4614; x_wconf 78' lang='lat' dir='ltr'>stabilibus</span> <span class='ocrx_word' id='word_1_699' title='bbox 1739 4561 1802 4613; x_wconf 80' lang='lat' dir='ltr'>nixa</span> 
     </span>
     <span class='ocr_line' id='line_1_110' title="bbox 1014 4646 1803 4709; baseline 0.005 -10"><span class='ocrx_word' id='word_1_700' title='bbox 1014 4646 1150 4701; x_wconf 87' lang='lat' dir='ltr'>radicibus</span> <span class='ocrx_word' id='word_1_701' title='bbox 1162 4648 1326 4709; x_wconf 83' lang='lat' dir='ltr'>consistunt,</span> <span class='ocrx_word' id='word_1_702' title='bbox 1340 4648 1386 4702; x_wconf 91' lang='lat' dir='ltr'>sed</span> <span class='ocrx_word' id='word_1_703' title='bbox 1403 4648 1582 4702; x_wconf 88' lang='lat' dir='ltr'>incertissimo</span> <span class='ocrx_word' id='word_1_704' title='bbox 1603 4649 1665 4700; x_wconf 89' lang='lat' dir='ltr'>flata</span> <span class='ocrx_word' id='word_1_705' title='bbox 1682 4648 1803 4703; x_wconf 79' lang='lat' dir='ltr'>fortunat</span> 
     </span>
     <span class='ocr_line' id='line_1_111' title="bbox 1016 4737 1803 4807; baseline 0.001 -17"><span class='ocrx_word' id='word_1_706' title='bbox 1016 4737 1068 4791; x_wconf 92' lang='lat' dir='ltr'>buc</span> <span class='ocrx_word' id='word_1_707' title='bbox 1088 4745 1167 4805; x_wconf 83' lang='lat' dir='ltr'>atque</span> <span class='ocrx_word' id='word_1_708' title='bbox 1181 4737 1243 4791; x_wconf 94' lang='lat' dir='ltr'>illuc</span> <span class='ocrx_word' id='word_1_709' title='bbox 1264 4750 1338 4802; x_wconf 83' lang='lat' dir='ltr'>aeta,</span> <span class='ocrx_word' id='word_1_710' title='bbox 1353 4754 1420 4807; x_wconf 92' lang='lat' dir='ltr'>quos</span> <span class='ocrx_word' id='word_1_711' title='bbox 1441 4739 1498 4792; x_wconf 88' lang='lat' dir='ltr'>subl</span> <span class='ocrx_word' id='word_1_712' title='bbox 1511 4754 1554 4792; x_wconf 87' lang='lat' dir='ltr'>tue</span> <span class='ocrx_word' id='word_1_713' title='bbox 1567 4739 1738 4800; x_wconf 78' lang='lat' dir='ltr'>extulerunt,</span> <span class='ocrx_word' id='word_1_714' title='bbox 1753 4742 1803 4791; x_wconf 89' lang='lat' dir='ltr'>im·</span> 
     </span>
     <span class='ocr_line' id='line_1_112' title="bbox 1017 4818 1805 4894; baseline 0.008 -17"><span class='ocrx_word' id='word_1_715' title='bbox 1017 4825 1121 4889; x_wconf 78' lang='lat' dir='ltr'>prouisa</span> <span class='ocrx_word' id='word_1_716' title='bbox 1133 4818 1242 4879; x_wconf 87' lang='lat' dir='ltr'>recursu</span> <span class='ocrx_word' id='word_1_717' title='bbox 1255 4826 1399 4881; x_wconf 89' lang='lat' dir='ltr'>destitutos</span> <span class='ocrx_word' id='word_1_718' title='bbox 1414 4827 1439 4880; x_wconf 89' lang='lat' dir='ltr'>in</span> <span class='ocrx_word' id='word_1_719' title='bbox 1453 4826 1584 4894; x_wconf 91' lang='lat' dir='ltr'>profundo</span> <span class='ocrx_word' id='word_1_720' title='bbox 1598 4826 1713 4881; x_wconf 87' lang='lat' dir='ltr'>cladium</span> <span class='ocrx_word' id='word_1_721' title='bbox 1727 4830 1805 4884; x_wconf 90' lang='lat' dir='ltr'>mise·</span> 
     </span>
     <span class='ocr_line' id='line_1_113' title="bbox 1015 4916 1803 4987; baseline 0.003 -17"><span class='ocrx_word' id='word_1_722' title='bbox 1015 4916 1134 4971; x_wconf 81' lang='lat' dir='ltr'>rainiliior</span> <span class='ocrx_word' id='word_1_723' title='bbox 1147 4917 1316 4987; x_wconf 84' lang='lat' dir='ltr'>immergunt.</span> <span class='ocrx_word' id='word_1_724' title='bbox 1329 4917 1518 4987; x_wconf 78' lang='lat' dir='ltr'>ltaque-acque</span> <span class='ocrx_word' id='word_1_725' title='bbox 1531 4919 1629 4975; x_wconf 91' lang='lat' dir='ltr'>debent</span> <span class='ocrx_word' id='word_1_726' title='bbox 1644 4921 1803 4985; x_wconf 78' lang='lat' dir='ltr'>existimari,</span> 
     </span>
     <span class='ocr_line' id='line_1_114' title="bbox 1016 5004 1804 5077; baseline 0.005 -18"><span class='ocrx_word' id='word_1_727' title='bbox 1016 5006 1163 5076; x_wconf 87' lang='lat' dir='ltr'>nequedici</span> <span class='ocrx_word' id='word_1_728' title='bbox 1180 5004 1264 5070; x_wconf 83' lang='lat' dir='ltr'>bona,</span> <span class='ocrx_word' id='word_1_729' title='bbox 1279 5024 1339 5077; x_wconf 81' lang='lat' dir='ltr'>qum</span> <span class='ocrx_word' id='word_1_730' title='bbox 1354 5008 1515 5064; x_wconf 87' lang='lat' dir='ltr'>inflictorum</span> <span class='ocrx_word' id='word_1_731' title='bbox 1532 5012 1662 5066; x_wconf 89' lang='lat' dir='ltr'>malorum</span> <span class='ocrx_word' id='word_1_732' title='bbox 1677 5014 1804 5066; x_wconf 86' lang='lat' dir='ltr'>amaritu-</span> 
     </span>
     <span class='ocr_line' id='line_1_115' title="bbox 1014 5097 1465 5170; baseline 0.004 -19"><span class='ocrx_word' id='word_1_733' title='bbox 1014 5097 1103 5153; x_wconf 89' lang='lat' dir='ltr'>dinem</span> <span class='ocrx_word' id='word_1_734' title='bbox 1116 5098 1251 5154; x_wconf 91' lang='lat' dir='ltr'>dcsiderio</span> <span class='ocrx_word' id='word_1_735' title='bbox 1264 5099 1304 5153; x_wconf 89' lang='lat' dir='ltr'>sui</span> <span class='ocrx_word' id='word_1_736' title='bbox 1317 5100 1465 5170; x_wconf 89' lang='lat' dir='ltr'>duplicant.</span> 
     </span>
    </p>

    <p class='ocr_par' dir='ltr' id='par_1_48' title="bbox 1014 5188 1804 5351">
     <span class='ocr_line' id='line_1_116' title="bbox 1053 5188 1804 5262; baseline 0.003 -19"><span class='ocrx_word' id='word_1_737' title='bbox 1053 5188 1164 5255; x_wconf 77' lang='lat' dir='ltr'>Ultimus</span> <span class='ocrx_word' id='word_1_738' title='bbox 1184 5197 1268 5243; x_wconf 84' lang='lat' dir='ltr'>tamon</span> <span class='ocrx_word' id='word_1_739' title='bbox 1281 5189 1338 5243; x_wconf 81' lang='lat' dir='ltr'>aitte</span> <span class='ocrx_word' id='word_1_740' title='bbox 1353 5190 1407 5244; x_wconf 82' lang='lat' dir='ltr'>dica</span> <span class='ocrx_word' id='word_1_741' title='bbox 1425 5205 1493 5245; x_wconf 86' lang='lat' dir='ltr'>mora</span> <span class='ocrx_word' id='word_1_742' title='bbox 1505 5192 1621 5258; x_wconf 78' lang='lat' dir='ltr'>qaudam</span> <span class='ocrx_word' id='word_1_743' title='bbox 1644 5192 1755 5262; x_wconf 71' lang='lat' dir='ltr'>[ortorum</span> <span class='ocrx_word' id='word_1_744' title='bbox 1768 5201 1804 5246; x_wconf 87' lang='grc' dir='ltr'>ιιι</span> 
     </span>
     <span class='ocr_line' id='line_1_117' title="bbox 1014 5272 1754 5351; baseline 0.005 -20"><span class='ocrx_word' id='word_1_745' title='bbox 1014 5281 1090 5331; x_wconf 75' lang='lat' dir='ltr'>eiiciat</span> <span class='ocrx_word' id='word_1_746' title='bbox 1102 5275 1237 5347; x_wconf 79' lang='lat' dir='ltr'>otomatis]</span> <span class='ocrx_word' id='word_1_747' title='bbox 1250 5272 1294 5332; x_wconf 80' lang='lat' dir='ltr'>Sic</span> <span class='ocrx_word' id='word_1_748' title='bbox 1310 5293 1421 5348; x_wconf 86' lang='lat' dir='ltr'>prosper</span> <span class='ocrx_word' id='word_1_749' title='bbox 1434 5279 1460 5333; x_wconf 85' lang='lat' dir='ltr'>iu</span> <span class='ocrx_word' id='word_1_750' title='bbox 1472 5280 1690 5350; x_wconf 88' lang='lat' dir='ltr'>epigrammatis:</span> <span class='ocrx_word' id='word_1_751' title='bbox 1752 5346 1754 5351; x_wconf 18' lang='grc' dir='ltr'><strong><em>ι</em></strong></span> 
     </span>
    </p>
   </div>
   <div class='ocr_carea' id='block_1_34' title="bbox 1091 5370 1736 5739">
    <p class='ocr_par' dir='ltr' id='par_1_49' title="bbox 1091 5370 1672 5496">
     <span class='ocr_line' id='line_1_118' title="bbox 1091 5370 1672 5436; baseline 0.003 -16"><span class='ocrx_word' id='word_1_752' title='bbox 1091 5370 1210 5420; x_wconf 80' lang='lat' dir='ltr'>&#39;ferrenis</span> <span class='ocrx_word' id='word_1_753' title='bbox 1220 5372 1306 5432; x_wconf 88' lang='lat' dir='ltr'>opibus</span> <span class='ocrx_word' id='word_1_754' title='bbox 1316 5384 1371 5419; x_wconf 90' lang='lat' dir='ltr'>cum</span> <span class='ocrx_word' id='word_1_755' title='bbox 1382 5372 1452 5421; x_wconf 84' lang='lat' dir='ltr'>dites</span> <span class='ocrx_word' id='word_1_756' title='bbox 1460 5375 1552 5436; x_wconf 85' lang='lat' dir='ltr'>gaudet</span> <span class='ocrx_word' id='word_1_757' title='bbox 1565 5375 1672 5435; x_wconf 87' lang='lat' dir='ltr'>iniquus,</span> 
     </span>
     <span class='ocr_line' id='line_1_119' title="bbox 1128 5432 1632 5496; baseline 0.006 -18"><span class='ocrx_word' id='word_1_758' title='bbox 1128 5432 1198 5481; x_wconf 84' lang='lat' dir='ltr'>l&#39;crls</span> <span class='ocrx_word' id='word_1_759' title='bbox 1208 5444 1236 5479; x_wconf 92' lang='lat' dir='ltr'>se</span> <span class='ocrx_word' id='word_1_760' title='bbox 1249 5435 1365 5480; x_wconf 87' lang='lat' dir='ltr'>miserum</span> <span class='ocrx_word' id='word_1_761' title='bbox 1378 5436 1455 5483; x_wconf 83' lang='lat' dir='ltr'>nescit</span> <span class='ocrx_word' id='word_1_762' title='bbox 1467 5448 1544 5496; x_wconf 86' lang='lat' dir='ltr'>egere</span> <span class='ocrx_word' id='word_1_763' title='bbox 1555 5435 1632 5483; x_wconf 82' lang='lat' dir='ltr'>laenis.</span> 
     </span>
    </p>

    <p class='ocr_par' dir='ltr' id='par_1_50' title="bbox 1095 5492 1736 5616">
     <span class='ocr_line' id='line_1_120' title="bbox 1095 5492 1736 5556; baseline 0.005 -16"><span class='ocrx_word' id='word_1_764' title='bbox 1095 5492 1155 5541; x_wconf 79' lang='lat' dir='ltr'>Nam</span> <span class='ocrx_word' id='word_1_765' title='bbox 1166 5494 1228 5553; x_wconf 85' lang='lat' dir='ltr'>qual</span> <span class='ocrx_word' id='word_1_766' title='bbox 1238 5497 1284 5540; x_wconf 89' lang='lat' dir='ltr'>erit</span> <span class='ocrx_word' id='word_1_767' title='bbox 1293 5496 1357 5554; x_wconf 88' lang='lat' dir='ltr'>quod</span> <span class='ocrx_word' id='word_1_768' title='bbox 1370 5508 1416 5542; x_wconf 91' lang='lat' dir='ltr'>oon</span> <span class='ocrx_word' id='word_1_769' title='bbox 1428 5503 1550 5543; x_wconf 90' lang='lat' dir='ltr'>momento</span> <span class='ocrx_word' id='word_1_770' title='bbox 1562 5496 1678 5556; x_wconf 85' lang='lat' dir='ltr'>tetttporis</span> <span class='ocrx_word' id='word_1_771' title='bbox 1687 5506 1736 5543; x_wconf 89' lang='lat' dir='ltr'>uno</span> 
     </span>
     <span class='ocr_line' id='line_1_121' title="bbox 1125 5552 1613 5616; baseline 0.004 -15"><span class='ocrx_word' id='word_1_772' title='bbox 1125 5552 1236 5601; x_wconf 72' lang='lat' dir='ltr'>Perdi-re</span> <span class='ocrx_word' id='word_1_773' title='bbox 1248 5556 1367 5601; x_wconf 86' lang='lat' dir='ltr'>mundana</span> <span class='ocrx_word' id='word_1_774' title='bbox 1378 5556 1515 5603; x_wconf 82' lang='lat' dir='ltr'>conditione</span> <span class='ocrx_word' id='word_1_775' title='bbox 1527 5563 1613 5616; x_wconf 83' lang='lat' dir='ltr'>queat,</span> 
     </span>
    </p>

    <p class='ocr_par' dir='ltr' id='par_1_51' title="bbox 1094 5612 1735 5739">
     <span class='ocr_line' id='line_1_122' title="bbox 1094 5612 1735 5678; baseline 0.011 -21"><span class='ocrx_word' id='word_1_776' title='bbox 1094 5612 1152 5661; x_wconf 77' lang='lat' dir='ltr'>sum</span> <span class='ocrx_word' id='word_1_777' title='bbox 1165 5614 1232 5672; x_wconf 78' lang='lat' dir='ltr'>iit-et,</span> <span class='ocrx_word' id='word_1_778' title='bbox 1241 5614 1350 5665; x_wconf 80' lang='lat' dir='ltr'>aduersis·</span> <span class='ocrx_word' id='word_1_779' title='bbox 1362 5617 1520 5674; x_wconf 84' lang='lat' dir='ltr'>cessantibus,</span> <span class='ocrx_word' id='word_1_780' title='bbox 1533 5619 1613 5667; x_wconf 84' lang='lat' dir='ltr'>mania</span> <span class='ocrx_word' id='word_1_781' title='bbox 1626 5624 1735 5678; x_wconf 85' lang='lat' dir='ltr'>pareant,</span> 
     </span>
     <span class='ocr_line' id='line_1_123' title="bbox 1128 5674 1652 5739; baseline 0.006 -17"><span class='ocrx_word' id='word_1_782' title='bbox 1128 5674 1196 5735; x_wconf 84' lang='lat' dir='ltr'>Lego</span> <span class='ocrx_word' id='word_1_783' title='bbox 1206 5681 1286 5730; x_wconf 82' lang='lat' dir='ltr'>tannen</span> <span class='ocrx_word' id='word_1_784' title='bbox 1298 5677 1420 5725; x_wconf 76' lang='lat' dir='ltr'>montissit</span> <span class='ocrx_word' id='word_1_785' title='bbox 1429 5675 1553 5726; x_wconf 88' lang='lat' dir='ltr'>faciendus</span> <span class='ocrx_word' id='word_1_786' title='bbox 1563 5676 1652 5739; x_wconf 86' lang='lat' dir='ltr'>inops‘l</span> 
     </span>
    </p>
   </div>
   <div class='ocr_carea' id='block_1_35' title="bbox 0 0 2098 6266">
    <p class='ocr_par' dir='ltr' id='par_1_52' title="bbox 0 0 2098 6266">
     <span class='ocr_line' id='line_1_124' title="bbox 0 0 2098 6266; baseline 0 0"><span class='ocrx_word' id='word_1_787' title='bbox 0 0 2098 6266; x_wconf 95' lang='lat' dir='ltr'> </span> 
     </span>
    </p>
   </div>
  </div>
 </body>
</html>
