4198 6250
314 1086 359 1143 Sic
373 1084 530 1155 Campanae.
559 1083 612 1140 Sed
628 1094 653 1138 at
667 1085 693 1137 in
708 1101 756 1156 quo
775 1084 847 1141 nohis
862 1085 946 1138 minas
960 1090 1026 1139 recte
1044 1097 1103 1139 seu·

313 1182 377 1235 sisse
399 1178 531 1245 rideatur,
551 1178 652 1248 faeihus
673 1177 799 1247 percipias
829 1193 912 1249 pauaa
933 1177 1051 1247 quedam
1071 1190 1104 1230 ea

314 1268 449 1324 dialectica
461 1268 583 1334 [ocultam
593 1264 687 1338 partim
701 1276 858 1336 prnnotare,
872 1267 964 1339 partiat
975 1265 1103 1321 intermis-

313 1376 370 1415 cere
382 1369 490 1429 oportet.
508 1359 574 1414 Sunt
593 1358 672 1430 iqitur
690 1360 716 1413 in
728 1346 798 1413 austri
811 1358 950 1427 quastione
964 1357 1002 1429 (at
1014 1355 1105 1411 Phila·

314 1453 395 1525 sapha
409 1453 435 1506 in
449 1452 581 1523 postremis
592 1451 727 1522 analyticis
744 1449 837 1522 placet)
849 1452 912 1515 dua,
922 1464 1030 1527 quornm
1043 1449 1106 1502 alte·

313 1559 372 1599 rum
393 1544 481 1598 dutum
494 1555 548 1610 est,
574 1543 707 1612 quesitum
725 1542 849 1608 alterum,
871 1551 897 1594 ut
916 1541 939 1594 si
957 1540 1065 1605 positam
1078 1556 1105 1593 m

314 1636 454 1710 quastione
468 1636 546 1708 [nuit
560 1652 594 1689 an
606 1635 697 1690 calum
710 1634 798 1687 datam
809 1643 857 1698 ert,
868 1633 913 1687 sed
924 1649 956 1686 an
968 1632 1106 1686 rotundam

313 1729 347 1785 tit
360 1730 491 1793 quaritur.
506 1726 537 1782 At
551 1724 696 1798 Campanus
709 1725 841 1798 proposita
854 1724 1006 1779 theoremata
1021 1723 1047 1776 in
1059 1721 1107 1776 da·

316 1827 369 1874 tant
386 1829 462 1892 atque
475 1819 610 1890 quesitum
624 1832 781 1887 nequaqnam
795 1826 862 1871 recte
877 1813 983 1870 soluisse
996 1813 1103 1867 ridetur.

315 1910 388 1967 liam
404 1911 430 1965 in
446 1910 530 1982 priore
544 1908 698 1964 theoremate
710 1910 833 1981 majorem
847 1906 969 1977 annulum
979 1904 1028 1962 sihi
1047 1904 1105 1959 dari

315 2002 441 2072 postmat,
464 2008 488 2055 et
502 2000 609 2055 sahinde
625 2000 715 2072 quierit
739 2015 773 2053 an
794 1997 834 2053 illi
853 2000 936 2070 majas
962 1999 1029 2054 latas
1048 1997 1105 2054 cite

316 2096 419 2161 reqione
431 2090 603 2145 constitutam.
612 2089 757 2161 Contraque
767 2089 795 2144 in
806 2089 945 2158 posteriore
957 2091 1041 2161 majas
1051 2104 1106 2157 qar-

316 2164 373 2237 dem
390 2180 457 2236 latus
471 2180 529 2233 dari
542 2180 612 2248 oalt,
627 2197 660 2235 an
674 2197 732 2237 atra
749 2181 781 2234 cit
797 2180 890 2252 rnnjaci
903 2178 1000 2251 auqalo
1017 2179 1104 2234 ahter·

315 2290 372 2330 sam
384 2272 485 2345 quarit,
500 2271 568 2344 qnod
582 2281 670 2327 contra
681 2273 827 2343 laciendum
837 2279 886 2326 est.
903 2270 972 2325 Nam
986 2271 1065 2342 quinis
1078 2271 1106 2325 in

316 2364 452 2419 dialectica
464 2378 520 2418 mea
530 2361 631 2434 quidem
641 2361 767 2418 renitentia
774 2360 815 2416 nel
824 2360 984 2417 mediocriter
993 2361 1107 2417 eruditas

317 2452 393 2527 {acilo
404 2454 598 2526 nidere'potest,
612 2453 640 2508 in
652 2469 682 2508 ea
701 2451 854 2508 theoremate
869 2467 919 2522 quo
934 2452 1016 2506 omnis
1027 2452 1107 2506 trisn-

317 2544 372 2617 quli
382 2543 484 2616 lonqins
494 2542 560 2599 lutae
571 2543 664 2617 majori
675 2543 770 2613 auquio
783 2555 871 2599 cantra
885 2541 1037 2615 respondere
1046 2557 1107 2616 pro·

318 2636 432 2706 ponitur,
452 2635 553 2707 lanqias
564 2636 664 2707 quidem
679 2636 746 2689 latas
760 2633 883 2705 trianquli
898 2634 955 2689 dari
968 2632 1107 2707 sshjicique

319 2736 445 2798 oportere,
460 2744 494 2783 an
508 2743 567 2783 uero
580 2727 673 2797 majori
684 2725 779 2798 anqula
799 2726 831 2781 sit
844 2742 858 2780 e
871 2726 974 2797 reqione
984 2725 1108 2805 positam,

318 2820 399 2890 quart
411 2836 443 2875 ac
454 2819 599 2901 predicari.
620 2819 764 2890 Contraque
780 2819 807 2874 in
825 2832 944 2873 canonio
958 2816 1109 2873 theoremate

318 2915 441 2986 majorem
460 2912 564 2984 quidem
581 2912 704 2983 anqalam
716 2910 837 2978 concedi,
857 2908 956 2980 lonqius
970 2923 1027 2964 sero
1041 2907 1109 2963 latus

320 3005 424 3073 inquiri.
438 3003 476 3057 Oh
488 3005 534 3059 hoc
549 3020 607 3058 nero
621 3012 751 3074 qeccatnm
764 3008 924 3057 consecutam
939 3007 990 3065 stt,
1003 3009 1027 3056 et
1037 2999 1109 3056 aliud

320 3094 394 3167 lonqe
415 3097 509 3168 rnnjnn
531 3091 639 3148 Nullam
659 3094 726 3148 eninr
744 3107 776 3148 ea
791 3091 927 3164 propositis
947 3090 1109 3148 theorematis

321 3186 456 3239 essertarla
465 3168 677 3239 demonstratione
684 3182 951 3256 Camparrmastraait,
959 3182 1004 3237 sed
1011 3189 1109 3236 utrum·

322 3272 1109 3347 queattncounotauturenaostmdtr,qaodtnqeonurta,

322 3366 365 3420 ahi
378 3364 436 3435 tieri
447 3375 540 3436 potest,
551 3367 590 3420 nel
601 3365 712 3421 manime
725 3364 857 3419 uitandam
867 3372 913 3428 est,
928 3362 956 3416 in
968 3378 1018 3433 qua
1030 3344 1111 3447 nahra

322 3458 546 3513 demonstrationes
560 3456 650 3524 afferri
671 3472 704 3511 ea
723 3454 850 3526 priarihttr
867 3453 1053 3526 notioribusque
1065 3470 1112 3508 aa·

323 3553 456 3612 tara,nan
467 3546 537 3603 nohis
547 3544 728 3617 maanqautes
737 3556 796 3601 sant
805 3560 863 3617 qna
872 3545 1015 3599 assentarie
1024 3553 1112 3599 rectee-

322 3654 371 3710 que
387 3637 561 3709 appellantur.
578 3636 664 3708 lisias
676 3652 734 3692 nera
748 3638 827 3692 errati
839 3638 910 3708 oriqa
922 3645 998 3706 atque
1010 3636 1112 3691 initiant

322 3730 471 3802 hujusmodi
483 3729 542 3800 luit.
556 3728 626 3785 Nam
636 3726 783 3800 Campanas
796 3729 876 3800 priori
886 3728 1035 3784 theoremati
1045 3744 1113 3798 pree·

322 3825 474 3883 dicationem
486 3834 580 3895 prater
591 3834 709 3878 naturam
721 3822 801 3889 dedit,
814 3822 938 3892 majorem
951 3820 1019 3879 enim
1028 3837 1113 3892 anqu-

322 3916 376 3973 lum
388 3918 513 3990 trianqrtli
523 3917 636 3990 rahjicit,
647 3922 671 3973 et
688 3906 810 3988 predicat
822 3913 922 3986 lonqius
933 3913 1016 3980 latus,
1030 3912 1112 3983 siqui·

323 4007 381 4063 siens
401 4011 429 4064 in
449 4010 519 4064 omni
533 4011 671 4081 questione
689 4007 817 4082 cochleatos
838 4007 961 4062 terminas
979 4014 1031 4073 est,
1044 4004 1115 4071 qaod

323 4095 398 4150 datur
410 4097 575 4165 predicatur,
588 4099 659 4166 quad
668 4101 801 4167 quaritur.
819 4094 866 4152 Eat
885 4107 969 4153 autem
982 4096 1054 4168 priato
1068 4110 1114 4166 pet

323 4193 443 4238 naturam
465 4185 619 4254 trionqtrlum
638 4187 719 4241 latera
739 4188 846 4254 hahere,
869 4200 969 4257 quoque
987 4182 1112 4255 nnqalas,

324 4290 384 4327 nam
398 4275 550 4327 conlaterana
566 4275 674 4329 coitione
687 4276 777 4344 anqali
796 4275 922 4344 proficisci
937 4275 1115 4345 procreariqtte

323 4363 518 4435 intelliquntar,·
531 4365 575 4436 qui
593 4365 671 4435 iqitsrr
684 4363 785 4436 subjicit
802 4365 925 4435 anqulam
939 4364 1076 4435 trianqali,
1090 4370 1114 4419 el

323 4457 389 4510 latus
403 4455 536 4523 predicat,
549 4457 571 4510 is
584 4456 649 4510 illud
663 4456 731 4528 qaod
744 4455 817 4511 alteri
828 4456 937 4522 accidit,
950 4454 1005 4523 ejas
1018 4456 1113 4527 predi·

905 395 959 452 nn.
980 391 1082 452 nnnc.
1103 391 1178 450 sau.
1199 376 1349 447 aaronis.

522 528 892 666 Βῖ-Ὓ-Ἰ

1876 380 1949 436 thot

1116 504 1311 568 Aeammearet,
1325 517 1375 555 nou
1389 500 1440 553 al'a
1453 498 1598 554 collectione
1622 512 1696 566 quam
1706 496 1742 549 ad
1754 495 1949 550 incommodam

1152 594 1258 650 ducente
1281 594 1399 650 artraait.
1422 594 1504 665 Atque
1524 593 1561 648 ita
1583 591 1682 647 nullam
1701 591 1949 645 demonstrationem

1152 693 1246 739 ratam
1265 684 1474 747 assertoriamquc
1487 681 1522 736 ad
1537 698 1567 736 ea
1580 696 1639 748 quse
1659 680 1768 734 dirimas
1788 678 1950 736 theoremate
2068 686 2069 699 ¹

1154 774 1296 845 calliqenda
1316 772 1461 841 Canrpanus
1486 772 1616 841 adhihult,
1637 771 1707 843 quad
1725 780 1809 825 tamen
1832 772 1949 841 oportuit

1153 882 1210 919 cunr
1221 866 1277 936 ipsa
1289 866 1322 919 eit
1331 872 1365 919 aa
1378 864 1564 920 incommodum
1574 856 1682 917 ducente
1690 864 1783 933 potior.
1796 861 1863 916 Hac
1875 875 1946 930 isat,

1153 956 1189 1010 nn‘
1199 954 1309 1023 llonate,
1320 971 1388 1025 qua,
1398 964 1521 1031 quantum
1535 953 1569 1009 nd
1579 955 1711 1024 proposita
1720 952 1876 1008 theoremata
1885 956 1946 1008 atti·

1153 1056 1206 1114 net,
1213 1048 1239 1102 in
1248 1046 1380 1119 Campana
1388 1045 1603 1119 reprehendenda,
1610 1045 1766 1111 censuimus:
1776 1045 1882 1101 sedhoec
1889 1062 1948 1116 qua

1153 1138 1235 1192 strati
1249 1136 1449 1206 disputavimus,
1470 1133 1529 1190 illar
1543 1151 1595 1190 non
1609 1147 1696 1190 exacte
1717 1134 1888 1205 sultititerqse
1905 1136 1947 1189 in·
2056 1122 2061 1131 ’

1153 1228 1297 1283 tellectarar
1312 1236 1380 1281 certo
1391 1226 1460 1293 ecio,
1476 1227 1521 1298 qai
1534 1235 1674 1297 postremos
1688 1225 1832 1297 arralqticos
1846 1227 1944 1280 Aristo·

1155 1319 1210 1374 telss
1224 1334 1274 1372 non
1287 1316 1480 1389 diliqentirrinte
1493 1317 1612 1395 leqeriat3
1628 1316 1762 1385 Reliquum
1776 1318 1849 1387 iqitsr
1861 1328 1897 1370 cst
1914 1325 1944 1371 ut
1959 1320 1965 1328 ⁴

1154 1408 1200 1463 illa
1215 1408 1272 1476 ipra
1291 1407 1445 1461 theoremata
1467 1405 1694 1477 (quomadmodum
1710 1406 1818 1474 polliciti
1838 1407 1945 1475 rumas)

1082 1539 1088 1551 .
1155 1499 1369 1563 demonstremus,
1394 1496 1513 1549 traducta
1528 1505 1612 1550 tamen
1631 1496 1717 1565 prius,
1742 1505 1771 1550 at
1789 1498 1947 1552 traducendo

1154 1595 1235 1640 erasm.
1258 1585 1389 1643 Saloemus
1405 1584 1484 1654 iqitar
1498 1592 1521 1638 et
1535 1583 1709 1654 separabimur
1725 1585 1855 1639 theorema
1874 1589 1947 1654 prin-

1155 1677 1237 1747 cipule
1247 1678 1272 1731 in
1282 1678 1370 1731 datum
1380 1686 1456 1748 atque
1465 1676 1608 1748 quaesitam,
1623 1686 1650 1731 at
1661 1684 1771 1747 oportet,
1782 1688 1807 1730 et
1817 1678 1852 1731 ad
1863 1677 1948 1747 ipsunt

1156 1769 1321 1825 astruendam
1338 1768 1474 1822 assertoria
1494 1768 1709 1823 demonstratione
1730 1777 1839 1824 utemur.
1858 1767 1949 1823 Poste·

1120 1855 1211 1916 Brias
1229 1876 1286 1914 aero
1301 1859 1445 1927 theorema,
1461 1858 1529 1929 qsad
1543 1859 1578 1911 ad
1593 1859 1735 1928 principale
1750 1859 1874 1923 coemit,
1891 1875 1950 1915 aas

1156 1943 1366 2021 predicationem
1384 1956 1477 2020 prater
1499 1955 1620 2003 naturam
1644 1950 1767 2003 sortiatur
1785 1948 1951 2004 demonetrs·

1087 2088 1093 2101 .
1157 2044 1226 2101 haue
1239 2042 1273 2095 ad
1288 2040 1477 2096 incommodent
1491 2040 1644 2111 perducente
1662 2039 1771 2094 moriter
1789 2041 1953 2111 ealliqenass.

1158 2134 1390 2190 Demonstrationis
1401 2132 1480 2204 iqitsr
1494 2132 1564 2203 ipsas
1573 2133 1747 2203 aporeairnsr,
1763 2131 1878 2186 intende.

1192 2226 1285 2281 Omnis
1300 2223 1425 2296 trianqali
1444 2225 1530 2294 majas
1544 2223 1614 2279 lutra
1628 2222 1680 2279 sab
1700 2222 1803 2292 molare
1817 2223 1917 2294 angula

1463 2294 1643 2365 protenditur.

1193 2390 1235 2446 Sit
1246 2390 1311 2445 enirn
1324 2390 1481 2462 trianqalum
1494 2389 1517 2444 A
1527 2387 1548 2444 Β
1558 2387 1764 2444 anchonitana
1773 2387 1842 2457 qaod
1851 2395 1888 2442 est
1897 2387 1920 2440 A
1930 2386 1950 2441 c

1157 2483 1243 2553 ntajas
1263 2497 1294 2536 eo
1312 2481 1392 2537 latere
1410 2482 1480 2552 qnod
1502 2489 1539 2535 ert
1553 2479 1621 2551 Ali,
1644 2480 1686 2534 aio
1708 2478 1830 2552 anqalam
1850 2492 1950 2549 quaque

1158 2578 1180 2631 A
1190 2575 1213 2630 B
1223 2577 1243 2632 C
1256 2577 1303 2631 sah
1318 2593 1367 2647 qua
1382 2576 1449 2632 latas
1460 2576 1482 2631 A
1492 2574 1512 2632 C
1525 2574 1685 2647 protenditur
1698 2574 1821 2645 maiorem
1833 2587 1886 2627 esse
1898 2588 1949 2626 sn·

1158 2670 1218 2741 qula
1233 2667 1286 2723 BC
1297 2669 1330 2737 A,
1342 2667 1384 2722 cai
1399 2678 1489 2721 cantra
1504 2665 1637 2739 respondet
1651 2663 1720 2720 latas
1731 2663 1754 2718 A
1765 2661 1801 2729 B,
1817 2678 1876 2715 naas
1887 2662 1951 2733 qaia

1156 2762 1242 2831 ancujus
1262 2768 1299 2815 ert
1316 2762 1384 2815 latas
1401 2757 1451 2815 AC
1470 2774 1545 2828 qaam
1559 2759 1581 2811 A
1593 2756 1628 2827 ii,
1648 2757 1817 2810 constituatur
1831 2753 1880 2825 ipsi
1895 2752 1951 2807 Aa

1159 2854 1257 2924 equale
1270 2851 1353 2923 ipsam
1368 2850 1390 2905 A
1401 2848 1434 2914 o,
1450 2858 1474 2904 ct
1489 2848 1653 2923 pratrqhatur
1666 2849 1750 2917 ipsunt
1763 2843 1786 2899 Β
1797 2842 1820 2898 D
1835 2843 1910 2905 imae.
1923 2852 1949 2899 et

1158 2945 1278 3014 qaoruiom
1293 2942 1415 3015 triamquli
1428 2941 1496 3013 qaod
1514 2938 1535 2994 B
1549 2938 1612 3006 DC,
1629 2939 1738 2994 exterior
1750 2936 1861 3007 renquiae
1876 2945 1911 2989 est
1923 2934 1950 2989 is

1143 3066 1145 3069 v
1159 3034 1201 3104 qni
1213 3044 1249 3089 est
1266 3031 1554 3104 unumquenque
1573 3031 1621 3084 erit
1635 3030 1740 3083 interior
1753 3035 1779 3081 et
1792 3042 1825 3081 es
1844 3026 1952 3081 adnerso

1160 3127 1295 3183 constituta
1320 3125 1415 3199 anqelo
1439 3123 1494 3179 DC
1506 3122 1538 3187 B,
1563 3122 1668 3191 aqualis
1692 3136 1751 3176 aere
1780 3127 1816 3174 est
1837 3118 1953 3188 anqalus

1123 3224 1147 3288 (ζ
1163 3225 1182 3274 A
1197 3219 1249 3276 att
1263 3219 1312 3291 ipsi
1326 3215 1379 3272 AB
1392 3214 1414 3269 D
1428 3217 1536 3289 anqalo,
1548 3231 1608 3270 nam
1619 3215 1688 3269 latus
1701 3228 1800 3284 quoquc
1812 3210 1833 3265 t
1843 3206 1864 3263 Β
1875 3209 1950 3264 lateri

1161 3313 1182 3366 A
1194 3310 1217 3365 D
1231 3327 1330 3379 aquam
1347 3318 1408 3364 erat.
1422 3308 1510 3378 hlajor
1524 3308 1607 3374 itaque
1620 3315 1658 3362 eat
1669 3303 1781 3376 anqalus
1796 3300 1850 3358 AB
1863 3300 1955 3371 Dipso

1161 3401 1246 3457 ACB
1261 3400 1372 3471 annulo.
1390 3400 1470 3453 multo
1483 3399 1562 3468 iqitur
1577 3401 1659 3468 major
1675 3397 1722 3450 erit
1742 3395 1853 3465 auqulus
1867 3389 1957 3446 Aac

1160 3495 1255 3566 anqala
1279 3491 1375 3547 Aca.
1400 3490 1490 3546 Orionis
1514 3491 1594 3561 iqitar
1625 3485 1748 3560 trianquli
1776 3485 1862 3555 noaino
1886 3484 1956 3539 latas

1160 3584 1207 3640 sah
1229 3584 1327 3657 majore
1347 3582 1442 3655 anqula
1463 3583 1647 3655 protenditur:
1666 3579 1734 3651 quoi
1755 3577 1890 3648 oportebat
1911 3575 1956 3628 de·

1161 3686 1311 3731 monstrare.

1338 3820 1340 3823 ’
1547 3828 1569 3878 n

1363 4356 1484 4406 aa
1740 4320 1826 4402 s¹

1199 4479 1293 4535 Quintis
1312 4478 1436 4550 trianguli
1451 4477 1502 4533 suh
1521 4479 1621 4544 majore
1636 4476 1734 4548 anqnlo
1748 4476 1834 4548 maias
1849 4476 1920 4533 istas

323 4547 418 4601 cationi
437 4544 539 4619 uutjteir
568 4546 610 4601 tui
629 4546 737 4612 accidit,
759 4562 790 4601 ac
810 4546 842 4600 oh
862 4546 890 4601 id
904 4546 1111 4613 predicationem
1474 4547 1652 4620 protenditur.

280 4648 285 4659 ¹
322 4648 504 4706 propostcram
515 4646 538 4692 et
549 4638 813 4692 natarncantrarr'am
827 4638 899 4709 facit.
917 4637 1000 4703 Quam
1012 4638 1112 4694 Arista-
1202 4642 1243 4698 su
1257 4641 1413 4715 trianqslam
1430 4639 1513 4696 Aac
1528 4643 1652 4712 majorem
1666 4639 1760 4694 hahens
1776 4636 1860 4693 ABG
1875 4654 1958 4709 anqu-

323 4726 384 4781 tclet
395 4736 439 4783 attl
454 4728 529 4783 ntodo
540 4728 746 4800 pradicationem
759 4737 842 4784 tentet
852 4727 1051 4801 appellandam,
1068 4737 1114 4784 atsl
1166 4737 1218 4791 lam
1233 4750 1262 4790 ee
1275 4737 1320 4807 qtti
1332 4744 1368 4791 etl
1382 4732 1436 4790 BG
1445 4736 1477 4790 A.
1497 4736 1545 4788 Aio
1563 4734 1632 4788 latus
1654 4750 1752 4804 quoqne
1771 4736 1791 4787 A
1801 4731 1889 4803 Cipso
1904 4734 1924 4787 A
1934 4731 1960 4786 Β

322 4819 865 4892 pradicationemquidemnansimpliciter,
877 4821 921 4875 sed
931 4822 1114 4890 peraccidenr,·
1167 4827 1245 4882 latere
1258 4816 1344 4899 insius
1359 4841 1431 4890 esse:
1450 4840 1509 4879 nem
1525 4827 1548 4879 ei
1567 4826 1651 4896 majus
1668 4824 1779 4890 nonsit,
1796 4834 1841 4878 nat
1860 4826 1957 4893 nqaah

249 4955 261 4967 .
322 4911 366 4964 nii
377 4910 455 4981 iqitur
465 4911 615 4982 pradicatio
629 4924 722 4983 prater
734 4922 853 4967 naturam
866 4913 973 4968 lualrctsr
990 4922 1035 4968 aat
1050 4914 1115 4984 dipi-
1166 4919 1213 4973 erit
1229 4918 1313 4990 ipsum
1331 4916 1382 4972 AG
1396 4918 1446 4987 ipsi
1459 4919 1480 4971 A
1492 4916 1580 4980 liseur
1599 4917 1684 4972 minas
1699 4916 1812 4987 nqaate,
1827 4932 1888 4970 sane
1905 4930 1956 4969 non

322 5000 384 5067 sile,
396 5011 441 5056 aut
451 5010 517 5056 certe
531 5003 687 5075 impartibile
698 5012 735 5058 ert
749 5004 912 5059 assentorium
922 5005 1116 5061 demonstratio·
1166 5019 1204 5063 cst
1220 5010 1304 5080 ipsum
1322 5006 1374 5062 tc
1388 5008 1438 5076 ipsi
1453 5005 1517 5071 ta,
1533 5008 1640 5077 thaalis
1655 5008 1721 5061 enim
1735 5007 1800 5075 leret
1816 5008 1891 5060 etiam
1911 5021 1960 5057 sn·

322 5107 380 5146 rtem
389 5095 589 5149 accommodare.
603 5092 636 5148 ln
645 5095 822 5164 hujuscemodi
834 5111 942 5165 ruantque
953 5096 1112 5150 dartonstru·
1165 5101 1241 5173 qslss
1255 5098 1337 5156 Attc
1350 5100 1446 5171 anqala
1460 5098 1543 5155 Aca
1556 5116 1568 5154 .·
1580 5101 1652 5171 atqui
1667 5110 1717 5154 nan
1732 5107 1800 5165 erat,
1817 5113 1868 5151 non
1878 5098 1963 5167 iqitrrr

323 5187 390 5241 tione
407 5204 505 5245 neccsse
517 5200 554 5244 cst
567 5199 592 5244 et
604 5189 709 5259 maioris
721 5189 885 5244 extremitatis
895 5205 953 5262 qtae
966 5190 992 5243 in
1006 5172 1109 5245 conclu·
1166 5194 1264 5262 aquale
1290 5201 1327 5247 est
1358 5194 1441 5262 iprum
1462 5190 1514 5250 tc
1530 5192 1598 5246 latas
1617 5192 1668 5260 ipsi
1688 5189 1744 5245 AB
1761 5189 1846 5245 lateri.
1869 5188 1964 5258 Neque

322 5280 394 5334 sione
405 5280 570 5351 predicatur,
586 5290 611 5337 et
626 5280 719 5337 minori
733 5280 901 5351 extremitati,
914 5296 971 5351 qao
984 5282 1011 5337 in
1024 5283 1114 5340 eadem
1167 5296 1226 5337 aera
1241 5281 1324 5335 ronnas
1343 5292 1380 5335 est
1395 5283 1479 5354 ipsnm
1496 5282 1516 5335 A
1528 5280 1549 5335 C
1563 5282 1618 5352 ipsa
1632 5279 1698 5349 AB,
1715 5282 1798 5336 minor
1810 5281 1878 5334 enim
1893 5281 1963 5349 foret

323 5369 468 5442 subjicitur,
484 5389 586 5428 caurmn
599 5389 653 5429 ersa
673 5373 794 5429 mediam.
817 5375 851 5429 At
869 5373 928 5443 pieri
946 5374 1019 5429 nulla
1037 5376 1115 5430 modo
1169 5376 1279 5448 anqnlus
1292 5373 1374 5431 Aac
1385 5376 1480 5447 anqala
1497 5374 1681 5449 AGRsatqai
1699 5392 1750 5431 non
1764 5386 1836 5441 erate
1849 5376 1966 5447 siiqitnr

322 5472 406 5533 potest
430 5476 457 5520 at
474 5468 498 5520 ei
515 5467 588 5537 ¹quod
609 5466 702 5521 accidit
725 5467 780 5538 ejas
805 5464 847 5519 cai
870 5465 962 5521 accidit
982 5466 1116 5538 quippiam
1168 5467 1251 5521 minus
1265 5477 1303 5522 est
1317 5470 1401 5538 ipsum
1416 5468 1469 5523 AG
1482 5468 1550 5523 latas
1561 5468 1618 5539 ipro
1631 5465 1687 5522 Aa
1701 5470 1790 5534 latere,
1803 5468 1963 5522 demerentes·

323 5570 399 5609 raasa
406 5572 461 5611 esse
469 5566 607 5615 statuatur.
620 5556 672 5612 ilic
681 5567 786 5613 coactor
795 5564 833 5611 est
843 5554 988 5630 Campanas
996 5558 1023 5614 in
1031 5559 1116 5625 priore
1169 5566 1221 5611 tuns
1236 5543 1322 5610 antem
1336 5568 1373 5613 est
1383 5574 1463 5627 neque
1477 5561 1576 5628 caqnsle
1588 5559 1627 5613 illi
1638 5576 1701 5624 esre,
1718 5563 1803 5632 umjas
1817 5560 1902 5628 itaque
1914 5557 1962 5611 erit

323 5646 491 5715 theoremate,
511 5648 580 5715 qnod
598 5649 626 5703 in
646 5650 734 5704 datum
753 5658 828 5721 atque
846 5650 982 5721 quatitans
1002 5650 1117 5720 imperite
1168 5651 1251 5721 ipsum
1273 5647 1323 5703 AC
1336 5651 1402 5703 latnr
1421 5650 1478 5719 ipsa
1493 5648 1548 5704 AB
1563 5648 1651 5705 latere.
1668 5649 1758 5705 Omnis
1777 5649 1860 5720 iqitar
1879 5650 1962 5703 trisn-

323 5737 453 5801 secuisset,
468 5737 684 5797 demonstratione
695 5741 732 5795 sti
743 5740 777 5795 ad
790 5740 981 5795 iucatnmadsm
994 5741 1115 5807 decente,
1167 5742 1223 5813 pali
1233 5739 1278 5795 sah
1294 5741 1392 5807 rnajare
1405 5742 1501 5810 anqula
1518 5742 1600 5811 ntajm
1615 5742 1683 5798 lates
1701 5739 1873 5811 manticae,
1889 5738 1962 5806 qaod

324 5833 347 5876 ct
357 5823 487 5891 quiaillud
497 5827 600 5895 putohnt
611 5833 753 5901 principale
762 5812 900 5901 posterius,
908 5832 978 5901 quad
988 5833 1023 5888 ad
1032 5833 1117 5903 ipsum
1170 5831 1298 5906 aportchat
1308 5835 1383 5885 demo
1401 5841 1493 5887 strare.
