4248 6262
267 426 275 437 ·
307 410 367 483 „ttt

975 396 1164 470 ιιοιιιιιιυι
1182 406 1285 466 rere

309 530 376 588 esu
401 529 577 604 cnseret,
608 527 874 602 enemente·
897 526 1053 586 semme
1072 527 1145 588 ess
1192 504 1484 583 semptembris
1496 521 1703 597 octembres
1715 526 1848 592 esem

309 622 387 680 noste
404 631 543 693 trecentos
554 622 746 695 euineuayiota
756 621 840 691 risos,
861 618 993 696 quomam
1013 626 1103 676 sumto

309 714 532 782 retorrosernne
546 714 614 770 aiios
624 728 699 781 sero,
719 714 765 787 qui
776 723 923 786 ptrtucrttot
936 713 971 770 ad
989 711 1104 769 comoda

310 806 405 862 sitarir
419 803 574 877 coningere,
589 804 689 862 ibidem
704 810 920 877 peremeruntet
939 803 1105 860 monasteris

310 897 498 965 incenderunt,
516 913 564 969 per
578 907 683 956 noemin
697 898 835 974 mitsentes
852 896 1052 954 multitudinem
1064 896 1105 953 io·

309 991 459 1060 scissorum
480 990 618 1047 bottdoom
641 992 896 1062 retemptorsmtyne
908 994 1017 1045 omnem
1036 1002 1104 1059 pstr-

310 1088 441 1152 pertstem
455 1083 666 1140 ecciesissticam
681 1082 835 1154 huiusmodi
849 1079 970 1147 pestiferi
981 1081 1105 1136 bomines

310 1185 511 1232 assumentes.
533 1174 575 1230 bd
589 1174 693 1245 sineris
708 1182 799 1231 antem
811 1172 909 1230 deiste
930 1172 964 1227 sd
987 1180 1105 1227 restrum

311 1263 503 1333 bccdttsdittem
519 1266 654 1324 instruent
675 1265 776 1322 eburtse
797 1279 814 1321 s
837 1263 1037 1321 renembiiibus
1051 1263 1106 1317 irs·

242 1400 249 1407 .
311 1357 397 1419 tribus
413 1358 518 1415 deseos
528 1369 557 1415 et
569 1360 676 1430 Sergio,
696 1370 766 1428 eoos
780 1358 941 1413 ntiscramus
951 1356 1106 1413 Constanti·

311 1451 441 1520 espstim,
455 1459 597 1521 sperantes
607 1451 755 1507 rtoetetam
777 1448 886 1506 deride
900 1449 942 1505 bis
957 1462 1019 1519 qtsss
1028 1461 1106 1504 core·

311 1540 394 1596 missa
413 1549 486 1597 ευυι.
508 1541 562 1598 Sed
576 1558 624 1599 cos
636 1557 688 1599 oce
702 1543 784 1599 serbe
796 1543 921 1611 dignatus
933 1551 979 1605 cst
990 1543 1109 1612 impera·

252 1686 257 1695 ,
311 1639 364 1699 tor,
379 1633 426 1689 sed
441 1634 523 1691 ctiam
541 1649 604 1691 cors
616 1633 713 1705 praedi
731 1634 894 1690 consumetis
908 1633 1108 1702 expetissem-

311 1727 428 1784 mieatus
443 1726 484 1785 eis
506 1730 552 1800 qni
574 1728 623 1785 ista
638 1729 817 1800 porrigerent.
835 1726 912 1784 iiodc
927 1728 990 1782 irinc
1003 1736 1046 1782 est
1057 1739 1108 1780 oos

311 1817 354 1874 sei
369 1832 432 1877 sero
452 1834 629 1892 cognoscere,
653 1822 781 1894 quoniam
802 1828 878 1876 tants
890 1817 1008 1888 pratitas
1021 1826 1048 1874 ct
1060 1831 1108 1872 att-

311 1906 387 1983 ducis
412 1910 508 1968 talium
530 1911 661 1973 maiorum
687 1909 820 1970 sdscrsus
849 1910 986 1981 Ecclesiae
1014 1906 1145 1977 eme

311 1997 806 2081 bsiutimmbsionssompositacst,
831 2001 1013 2071 deprecamur
1024 2015 1104 2072 enyo,

311 2087 468 2147 secusino
484 2099 572 2163 pater,
596 2092 782 2163 sappiiesntcs
802 2100 832 2148 st
844 2079 987 2162 'royenses
1012 2101 1042 2148 υι
1059 2107 1105 2148 cs·

312 2181 438 2250 suryatis,
455 2195 516 2238 cum
534 2182 641 2239 ierrore
660 2193 689 2239 et
713 2184 783 2253 seio,
799 2192 828 2253 et
848 2183 1015 2240 eondoicatis
1035 2183 1108 2255 iuste

312 2266 362 2340 pro
374 2285 487 2341 corpore
498 2271 598 2328 laniato
607 2274 680 2344 (nam
692 2283 773 2345 caput
787 2274 854 2330 estis
864 2273 998 2346 omnium)
1008 2284 1037 2330 ct
1047 2276 1108 2331 rin·

312 2362 408 2421 dicetis
423 2364 502 2421 iidem
516 2374 711 2435 contemptam,
725 2380 844 2422 meones
856 2364 1039 2431 conculcatos,
1054 2365 1107 2422 ea·

312 2451 368 2512 ires
390 2453 601 2532 blasphematos,
627 2458 758 2514 sitalem
782 2457 914 2530 synodum
937 2458 1108 2516 aoetbemste

313 2545 474 2617 impertiam,
486 2544 570 2603 iobis
582 2562 598 2603 a
612 2546 669 2604 beo
681 2547 743 2604 data
759 2557 801 2605 est
813 2558 933 2621 potestas
951 2556 979 2607 et
992 2549 1109 2607 auetori-

314 2646 356 2694 tas
375 2638 461 2708 iiyere
475 2646 502 2694 et
522 2638 640 2695 soitere.
658 2636 720 2694 idon
734 2656 799 2709 opus
812 2639 906 2695 iubent
917 2641 963 2714 qui
979 2640 1036 2695 soni
1049 2648 1109 2695 sent

233 2724 234 2727 ’
316 2720 422 2783 medicis
436 2726 579 2798 ,sedenoie
593 2728 711 2786 iubentes
732 2729 840 2801 (iiottb.
861 2731 927 2804 ιιι).
953 2732 1108 2804 Exsurgite,

315 2816 410 2877 Patres
425 2820 524 2888 saneti,
538 2820 680 2879 venientes
694 2819 887 2879 admirandos
906 2837 972 2890 ιρις
991 2823 1110 2880 imitato-

314 2906 359 2968 'r'cs
369 2919 457 2970 estote
471 2913 579 2970 bomini
594 2914 693 2984 nostri,
712 2917 757 2987 eui
771 2914 806 2972 de
827 2914 899 2972 coeio
910 2930 993 2986 super
1006 2924 1108 2973 terram

314 3003 422 3063 aitenit
439 2994 561 3079 ducrere
582 3017 718 3065 errantem
730 3023 808 3065 orem
824 3026 832 3064 r
848 3009 958 3067 Petrum
981 3008 1111 3068 iiinmrc·

314 3097 409 3167 spicite
422 3096 573 3170 principem
584 3098 778 3172 apostolorum,
793 3101 872 3173 cuius
887 3100 980 3159 sedem
996 3103 1109 3167 ornatis,

194 3188 199 3193 “
314 3196 342 3245 st
362 3186 475 3246 Panium
497 3190 543 3262 qui
556 3196 599 3248 est
612 3207 659 3249 res
673 3190 825 3260 electionis,
841 3193 886 3264 qui
901 3194 1110 3263 circumcuntes,

1192 618 1329 689 [ingenius
1340 615 1524 673 misericordia
1536 614 1585 672 Dei
1599 614 1741 688 presbyter
1748 622 1778 669 nt
1789 626 1883 684 soprs.

1167 714 1172 719 ’
1190 706 1319 764 deiodius
1333 707 1517 763 misericordia
1533 705 1580 762 bei
1598 706 1739 778 presbyter
1749 712 1883 775 utsupra.

1166 800 1292 855 'basus
1312 798 1495 854 misricordir
1515 797 1562 853 bei
1579 797 1722 870 presbyter
1742 806 1772 851 υι
1790 810 1884 865 supra.

1191 889 1324 945 bonosius
1338 887 1522 944 misericordia
1535 887 1582 943 bet
1596 889 1739 959 presbyter
1748 896 1779 942 ut
1790 901 1882 955 soprs.
1957 892 1972 909 ·

1193 982 1333 1038 Ensetitus
1346 979 1528 1037 misericordis
1542 976 1588 1036 bei
1603 980 1745 1050 presbyter
1759 992 1786 1033 trs
1800 994 1893 1046 super.

1193 1075 1311 1131 dicicitur
1326 1072 1511 1130 misericordia
1529 1071 1575 1126 Dei
1597 1068 1739 1142 presbyter
1751 1083 1778 1124 ut
1789 1087 1882 1135 supra.

1193 1166 1321 1222 leontius
1334 1163 1522 1220 misericordia
1534 1163 1582 1217 lici
1599 1164 1730 1216 discemus
1749 1172 1779 1215 υι
1792 1176 1884 1230 suysra.

1193 1256 1346 1326 Stephanus
1357 1253 1543 1310 misericordis
1558 1253 1603 1307 bei
1620 1254 1761 1324 presbyter
1774 1263 1805 1306 υι
1817 1264 1912 1321 supra.

1193 1346 1306 1405 Careias
1320 1348 1450 1402 diaeonus
1463 1357 1491 1400 ot
1506 1359 1599 1415 sttprs.

1193 1440 1314 1498 'ihomas
1331 1440 1473 1512 presbyter
1488 1446 1519 1494 υι
1529 1453 1612 1507 ευριι

1194 1531 1305 1587 Samaei
1318 1531 1448 1586 diaconos
1460 1538 1489 1583 ot
1498 1542 1592 1598 supra.

1197 1624 1356 1680 Tbeodorus
1369 1622 1510 1694 presbyter
1524 1629 1553 1675 υι
1565 1632 1657 1687 supra.

1195 1713 1315 1771 ioannes
1328 1711 1513 1769 misericordis
1529 1711 1576 1765 bei
1594 1708 1736 1781 presbyter
1750 1714 1782 1763 st
1792 1718 1887 1777 ιαμ.

1196 1808 1316 1866 ioannes
1332 1788 1474 1878 presbyter
1484 1814 1514 1862 ut
1528 1818 1619 1874 supts.

1193 1900 1314 1957 'ihomas
1324 1899 1453 1955 diaconus
1464 1905 1494 1951 υι
1508 1909 1600 1966 ευριι.

1193 1995 1313 2053 ioannes
1324 1989 1454 2047 diaconos
1465 1999 1496 2044 ot
1509 2000 1601 2057 sopra.

1194 2085 1347 2144 simeonius
1359 2082 1491 2139 diaconos
1504 2090 1532 2135 ot
1545 2093 1637 2148 sopra.

1194 2179 1304 2237 Saiinus
1315 2174 1526 2233 srcirimsndrits
1541 2179 1571 2227 ut
1582 2184 1675 2242 ssprt.

1195 2269 1328 2328 Eusebius
1343 2266 1486 2340 presbyter
1500 2271 1530 2320 ut
1542 2276 1636 2333 supra.

1195 2361 1335 2434 iiueymes
1347 2359 1493 2431 presbyter
1506 2366 1535 2411 ut
1546 2367 1639 2425 ευριι.

1196 2453 1350 2511 simeonius
1362 2452 1507 2523 presbyter
1522 2456 1553 2505 ιιι
1566 2459 1659 2518 suprs.

1197 2547 1315 2605 Tuomst
1329 2546 1473 2619 presbyter
1486 2553 1516 2599 ot
1530 2555 1622 2613 ιυριυ.

1196 2637 1313 2696 lacobus
1329 2638 1472 2709 presbyter
1487 2643 1516 2689 υι
1526 2647 1618 2703 ευριι.

1181 2784 1183 2788 a
1197 2730 1316 2788 mannes
1330 2729 1471 2801 presbyter
1481 2735 1511 2783 υι
1529 2738 1622 2796 supm.

1197 2818 1300 2877 Patrius
1314 2820 1456 2890 presbyter
1465 2826 1494 2874 υι
1509 2831 1602 2883 ευριι.

1198 2910 1305 2968 Priscus
1313 2910 1453 2983 presbyter
1466 2920 1496 2965 ot
1508 2923 1601 2980 supra.

1198 3006 1332 3063 Antonius
1347 3005 1489 3076 presbyter
1505 3013 1535 3059 ot
1547 3016 1639 3074 supet.

1198 3095 1317 3153 ioannes
1328 3095 1471 3167 presbyter
1481 3105 1510 3150 ot
1522 3102 1618 3164 sopra.

1200 3186 1318 3244 Thomas
1333 3186 1475 3259 presbyter
1487 3195 1518 3241 ot
1538 3198 1629 3253 supra.

314 3274 409 3336 orbem
421 3288 555 3338 terrarum
569 3282 800 3342 illuminaverint:
815 3300 879 3341 nam
893 3300 988 3357 mayor
1002 3270 1150 3344 tuitterse
1201 3277 1323 3335 lulitttssi
1334 3277 1475 3350 imbibit·
1486 3285 1517 3337 υἱ
1526 3290 1622 3346 ‘iiii’-

313 3370 462 3443 'maioribus'
482 3366 603 3446 indigent
625 3377 798 3447 adiumentis.
813 3378 973 3435 iicreenarii
990 3378 1113 3437 ridentes

315 3466 393 3534 topos
405 3463 545 3522 venientes
558 3464 689 3525 adsersus
702 3481 768 3525 ores
779 3466 918 3524 dimittunt
930 3464 978 3525 eas‘
987 3468 1113 3539 dissipari

311 3553 349 3610 'ab
359 3553 413 3610 itiis
428 3572 436 3612 s
449 3554 525 3612 robis
537 3564 628 3613 sutem
642 3559 715 3616 teris
735 3559 889 3630 pastoribus
903 3568 932 3617 et
944 3559 1111 3629 doctoribus,

310 3645 412 3722 'quibos
426 3665 490 3705 cura
503 3662 553 3721 pro
574 3651 661 3708 silete
674 3653 766 3709 otium
779 3653 925 3711 commissa
939 3662 991 3720 est,
1014 3666 1112 3711 occor-

315 3738 351 3796 rit
364 3739 423 3810 ipse
448 3754 513 3811 eres
526 3744 697 3815 ‘coytroscere
719 3758 796 3801 suum
812 3753 959 3814 pastorem,
975 3745 1009 3802 nb
1022 3744 1114 3802 immi-

309 3828 427 3891 tissimis
441 3834 536 3892 bestiis
550 3834 692 3906 iiberatus,
713 3844 741 3894 et
753 3851 847 3894 rocem
859 3850 975 3908 sequens
985 3836 1112 3907 pastoris,

315 3926 385 3982 sieut
399 3920 529 3984 emtum
545 3928 584 3985 sit
599 3944 606 3984 ι
622 3924 688 3985 dines
697 3944 760 3986 mee
777 3944 863 3985 reeens
885 3944 969 3985 meent
990 3928 1112 3998 redient,

306 4018 339 4071 fet
351 4031 398 4089 eye
417 4031 544 4087 coenosos
559 4032 611 4086 eos,
628 4024 653 4072 ei
672 4024 812 4090 sepsuntur
833 4034 874 4075 mc
886 4016 978 4087 (doun.
993 4018 1033 4090 s).
1054 4017 1113 4074 iion

314 4121 379 4178 erpo
393 4107 548 4178 despicietis
561 4124 622 4175 nos,
640 4110 821 4176 sanctissime,
836 4109 884 4181 eoi
906 4108 1028 4166 abestiis
1038 4107 1114 4166 iere·

309 4199 389 4256 ‘cibos
404 4196 524 4272 quotidie
534 4198 718 4258 mitteremur.
735 4199 775 4258 sd
790 4201 936 4273 pericetstn
952 4211 1043 4258 autem
1057 4215 1111 4257 so·

306 4282 494 4351 titiomrcstri
507 4294 593 4351 saneti
607 4294 707 4365 anysii,
729 4293 992 4351 anetberestissmos
1016 4293 1043 4349 in
1066 4306 1115 4349 ee

314 4382 375 4442 dem
401 4396 494 4443 nostre
516 4386 708 4458 deprecatione
729 4388 859 4444 rirtutcm
881 4385 1003 4443 habente
1028 4383 1113 4441 iibeiii

314 4492 408 4537 omncs
422 4480 555 4552 proiectos
566 4488 596 4538 et
606 4481 855 4539 excommunicatos
868 4486 884 4536 a
899 4487 990 4537 restts
1001 4487 1113 4551 sposto-

305 4569 366 4627 ¹iios
379 4570 457 4628 sede·
475 4570 598 4629 bisinnus
611 4580 702 4628 antem
725 4569 892 4639 Nestorium,
912 4570 958 4642 tyni
980 4569 1029 4626 iuit
1042 4565 1116 4627 Geo-

1182 3393 1186 3403 ¹
1201 3371 1507 3443 Simeoniospresbytst
1522 3381 1551 3431 ot
1563 3382 1656 3440 suptu-

1201 3466 1319 3522 street·
1333 3466 1476 3535 presbyter
1495 3475 1524 3523 st
1543 3477 1635 3534 supro.

1200 3555 1354 3613 &moeniis
1366 3555 1506 3626 presbyter
1521 3563 1550 3611 ut
1563 3568 1654 3625 supro,

1201 3648 1331 3705 usensis
1344 3648 1485 3719 presbyter
1503 3654 1638 3717 tempos.

1201 3740 1319 3799 mones
1332 3738 1474 3810 presbyter
1487 3748 1618 3809 estsuprs.

1201 3830 1356 3891 simeonius
1371 3830 1511 3901 presbyter
1527 3839 1659 3898 utsuprs.

1200 3922 1322 3981 'ibomas
1336 3921 1478 3992 presbyter
1491 3929 1521 3977 ot
1533 3933 1626 3991 sopra.

1201 4019 1357 4078 bimeooius
1367 4018 1508 4090 presbyter
1523 4028 1551 4075 ut
1566 4033 1659 4089 uptus

1201 4113 1319 4170 i’bomas
1335 4112 1476 4183 presbyter
1491 4121 1520 4166 ot
1532 4125 1625 4181 aspra.

1156 4228 1173 4237 ··
1201 4202 1312 4275 bergine
1325 4203 1465 4274 presbyter
1487 4212 1517 4258 υι
1529 4216 1622 4271 supra.

1202 4294 1321 4369 'iiioms
1331 4291 1474 4364 presbyter
1489 4302 1518 4347 ot
1530 4306 1624 4361 supra.

1186 4374 1336 4443 'Eusebius
1352 4383 1495 4455 presbyter
1507 4392 1536 4451 stt
1548 4396 1642 4453 supra»

1204 4477 1304 4533 Paulos
1318 4475 1461 4547 presbyter
1475 4483 1505 4531 ιιι
1515 4488 1607 4543 supro.

1202 4569 1322 4627 ioaoncs
1332 4567 1473 4643 presbyter
1486 4575 1519 4622 ot
1531 4581 1623 4636 sopra.

306 4662 566 4733 stanneopotnsnm
595 4664 755 4734 episcopus,
778 4660 973 4734 eutycheten,
1002 4656 1175 4725 mosomo.
1199 4662 1495 4736 sepiusdisconosut
1514 4675 1633 4731 sepse.-

304 4761 384 4822 'rem,
398 4763 426 4811 et
438 4753 547 4812 Petrum
560 4754 783 4819 biessnddoom,
798 4753 846 4826 qui
854 4751 1060 4825 cognominetur
1069 4764 1114 4815 esc

314 4842 420 4912 baibm,
436 4856 464 4902 et
478 4847 598 4919 Petrum,
621 4848 668 4920 qui
690 4846 830 4904 dicem
853 4846 940 4913 Fatis,
963 4842 1112 4900 estiocbe·

305 4948 379 4989 nom
404 4935 579 4995 nibilominus
597 4948 625 4996 et
640 4940 782 5008 dmciuor,
796 4939 844 5010 qui
861 4936 911 4993 isit
924 4934 1114 4992 comunem·

305 5023 449 5095 'poiits'ttm
471 5029 637 5101 episcopus,
660 5044 755 5094 eorum
780 5027 1057 5095 communicatorem,
1085 5034 1115 5081 et

314 5126 409 5174 omues
422 5118 467 5188 qui
483 5128 566 5176 unum
580 5121 688 5179 iiiorom
704 5122 893 5179 baereticorum
907 5117 1068 5175 secudum.

475 5212 479 5225 ·
597 5214 828 5263 musmones.

350 5274 409 5350 Eyo
424 5276 577 5337 eieaastder
587 5283 772 5345 misericordia
794 5280 844 5341 bei
869 5277 1011 5352 presbyter
1023 5284 1051 5335 et
1068 5289 1114 5337 ttr-

311 5366 492 5429 citimsedrita
504 5369 590 5426 noeti
608 5371 726 5431 baronis
738 5372 901 5442 deprecatos
914 5384 988 5429 sum.

299 5522 304 5531 ,
341 5457 459 5517 Δὃίιυευυ
477 5459 662 5518 misericordia
677 5460 725 5525 bei
748 5461 890 5537 presbyter
908 5468 936 5516 et
958 5457 1113 5516 arcbimao·

313 5548 385 5606 drita
399 5559 531 5620 utsupra.

317 5628 468 5760 ιιιΙυιυυυε
486 5629 670 5692 misericordis
677 5590 879 5693 Dedimus
896 5639 928 5693 ab
942 5627 1116 5700 dispensabo?
1150 5702 1153 5713 ¹

360 5724 450 5771 ιυριυ.

353 5777 501 5850 Ριυυυρίυι
511 5778 913 5854 nuenoordisbsismsbytss
926 5765 1116 5853 discedimu-

333 5867 387 5930 rita
399 5878 431 5929 υι
439 5884 532 5942 ιυριι.

674 5972 715 5992 ἡ.

1202 4759 1268 4814 itess
1284 4755 1396 4827 Seryios
1409 4754 1580 4817 diruunt
1591 4765 1683 4824 sepes,
1737 4778 1743 4784 ·

1202 4849 1326 4907 isiiaoes
1338 4847 1479 4920 presbyter
1490 4854 1624 4915 utsstprs.

1203 4940 1317 5011 Scryius
1328 4939 1472 5010 presbyter
1484 4945 1514 4999 ttt
1530 4950 1623 5006 sapum

1205 5028 1366 5087 ennomus
1379 5027 1511 5087 uicenos
1523 5035 1552 5091 tii
1568 5039 1661 5095 susti·

1205 5124 1325 5182 'ibomss
1336 5120 1479 5193 presbyter
1489 5129 1520 5175 ut
1535 5132 1627 5189 uest·
1642 5169 1649 5183 .

1205 5216 1294 5273 bocas
1306 5213 1448 5284 presbyter
1460 5219 1493 5271 υι
1505 5225 1598 5284 supro.

1203 5308 1322 5364 iinmas
1335 5305 1464 5363 dbcooos
1474 5315 1504 5363 st
1514 5319 1606 5376 ευριι.

1201 5396 1554 5470 Sinmoisspsetbyturrtt
1566 5410 1657 5468 suprs

1163 5540 1166 5547 .
1201 5487 1713 5563 Fissiaottsstcbirpaodritautsttpya..

1202 5595 1335 5652 nouimus
1346 5595 1476 5672 υἰυευιιυι
1491 5601 1622 5665 utsupra»

1203 5694 1320 5754 'ioannes
1334 5694 1462 5751 diaconos
1472 5700 1595 5765 utsupra

1204 5792 1321 5850 ioannes
1336 5783 1475 5860 presbyter
1489 5782 1518 5844 ut
1532 5802 1625 5858 supra.

1147 5899 1152 5907 “
1204 5880 1476 5945 bntouimdiasoous
1493 5892 1626 5977 utsuprs.
