4198 6254
549 294 551 299 Ι
564 291 669 317 ’Ἷ“’“κ

760 388 804 445 DE
823 380 1053 445 auitttttuttctt
1073 380 1137 439 itu.
1159 381 1190 439 tt.

512 499 614 566 prpter

503 561 627 625 Dispasoo

168 1184 196 1238 in
223 1183 319 1254 trip’ici
338 1182 445 1255 quoque
465 1181 660 1253 dispositione,
683 1181 763 1237 simui
783 1180 909 1251 diapente
922 1184 950 1230 at

167 1272 294 1343 diapason
305 1273 463 1344 symphonia
473 1272 662 1341 componitur,
674 1284 687 1325 s
704 1285 784 1325 rtans
793 1267 949 1336 sesqaaiaitc-

134 1441 146 1453 Α
167 1375 223 1420 tam
236 1374 264 1421 ει
273 1361 407 1436 dupii'cem
423 1364 571 1430 rationem,
588 1363 659 1434 quod
671 1362 790 1431 subiecta
803 1357 950 1428 descriptio

168 1456 253 1511 ducet.
344 1471 348 1477 ’
413 1483 422 1496 ·

319 1564 494 1624 Sesquiaitora

590 1597 593 1601 -
618 1562 725 1627 Dupies.

340 1625 465 1687 Disponis

609 1625 737 1687 Diapaaua.

998 1682 1028 1738 in
1042 1681 1192 1752 triplicibus
1200 1698 1307 1754 quoquae
1318 1682 1544 1750 extremitatibus,
1561 1681 1647 1748 maior
1661 1675 1772 1731 diiiercn

1001 1770 1038 1826 tic
1053 1771 1087 1827 ad
1102 1772 1235 1828 minorem
1252 1772 1430 1828 differentiam
1451 1769 1598 1840 quadrupla
1614 1773 1670 1830 εει,
1694 1774 1721 1818 ει
1743 1761 1781 1815 itit

965 1837 1131 1930 Bdiapason
1154 1862 1339 1931 symphoniam
1361 1862 1469 1917 emittit
1495 1860 1615 1928 Namque
1630 1855 1657 1911 in
1672 1850 1774 1921 dispari

1002 1953 1075 2007 tione
1088 1951 1116 2019 2,
1132 1942 1163 2020 d,
1170 1951 1197 2019 ii,
1212 1963 1395 2008 extremorum
1410 1952 1561 2007 ddierontia
1574 1957 1627 2011 est,
1639 1947 1665 2001 iti
1682 1953 1724 2000 εει
1739 1957 1770 1997 εε

1001 2041 1069 2097 rarii
1084 2049 1113 2096 et
1126 2041 1240 2106 binarii,
1254 2044 1293 2107 ις
1316 2042 1409 2097 minor
1422 2056 1487 2097 tero
1499 2038 1666 2102 diiierentia,
1694 2034 1721 2088 id
1730 2066 1734 2075 Δ
1744 2046 1774 2087 es

908 2154 912 2161 ·
1000 2132 1112 2188 termrii
1126 2142 1154 2187 et
1176 2133 1289 2198 binarii,
1316 2148 1406 2199 unus;
1429 2135 1549 2189 dautem
1564 2144 1619 2187 uno
1640 2122 1782 2198 quadrup't
1836 2158 1846 2167 ,

484 2397 585 2461 Triplex

405 2456 526 2519 Diapeate
537 2467 564 2509 et
571 2461 694 2522 diapason.

164 2537 196 2594 Et
207 2537 332 2608 quoniam
348 2538 442 2610 triplus
455 2540 521 2595 duas
537 2542 659 2597 coratinet
670 2545 871 2613 consonantias,
887 2547 945 2603 dia·

164 2637 253 2698 pente,
268 2627 379 2693 seilicet,
402 2638 429 2683 ει
452 2628 595 2698 diapason,
612 2631 638 2685 in
654 2631 733 2702 hujus
746 2635 860 2705 triplicis
876 2639 946 2707 posi·

165 2718 237 2774 tione
250 2718 277 2773 iu
291 2717 449 2775 differentiis
459 2720 588 2776 eumdem
607 2737 700 2778 rursus
713 2725 820 2795 tripium
833 2729 949 2796 reperie-

166 2815 232 2875 tnus,
247 2808 391 2864 secundum
402 2811 494 2867 subter
506 2810 670 2895 descriptum
687 2813 808 2869 modum.

363 2937 581 3002 Tripimdiapente
594 2946 620 2992 ει
629 2940 753 3004 diapason.

161 3770 190 3829 in
202 3773 356 3845 duplarem
371 3766 557 3845 dispositione,
570 3775 655 3846 major
672 3773 801 3830 terminus
813 3771 847 3827 ad
863 3770 943 3826 motiii

160 3864 267 3919 termini
279 3871 371 3920 contra
388 3879 418 3921 εε
430 3864 625 3932 differentiam,
636 3865 732 3936 tripius
751 3873 801 3930 est,
815 3872 842 3918 et
852 3876 943 3917 narsus

160 3952 248 4007 anioor
260 3955 387 4009 terminus
399 3954 432 4009 sd
449 3954 530 4011 medii
543 3964 636 4011 contra
652 3956 782 4011 minorem
801 3951 941 4008 terminum

161 4035 303 4103 comparati
316 4033 505 4102 differentiam,
522 4036 617 4106 iripius
627 4045 679 4093 est.

472 4144 632 4197 Differentiae

1001 2222 1087 2291 asajor
1106 2231 1149 2277 est
1162 2222 1306 2288 rebtione,
1329 2239 1390 2292 qum
1402 2223 1567 2294 comparatio
1591 2219 1633 2276 ιιε
1656 2216 1783 2284 djspasor

999 2315 1199 2373 consonantiam
1213 2322 1299 2370 tenet.
1563 2366 1584 2403 4

1226 2421 1381 2486 Quadrup'us
1390 2426 1431 2476 bis
1440 2425 1562 2482 diapason.

1164 3146 1173 3165 '
1277 3171 1391 3229 carun
1407 3172 1498 3228 anax.

1206 3260 1246 3319 De
1265 3266 1414 3335 peonetrica
1426 3264 1569 3318 daemonia.

1032 3354 1230 3412 Vocantautem
1243 3356 1349 3427 quidam
1364 3357 1546 3412 harmonicam
1562 3356 1712 3424 hujusmodi
1723 3370 1771 3412 me

994 3444 1130 3511 dietatem,
1146 3442 1246 3501 idcirco
1258 3446 1328 3516 quod
1352 3462 1460 3516 temper
1474 3448 1530 3502 hacc
1545 3446 1773 3515 proportionalia

992 3536 1162 3605 peometricm
1177 3535 1323 3591 narmoniae
1337 3544 1449 3606 capriata
1463 3545 1516 3599 est,
1542 3535 1707 3589 inarmon‘am
1730 3549 1780 3588 au·

994 3632 1047 3679 tem
1059 3624 1265 3693 geometricam,
1278 3622 1376 3678 cubum
1391 3623 1493 3678 dicunt.
1507 3622 1544 3676 ita
1559 3623 1630 3678 enim
1645 3638 1677 3676 ex
1693 3620 1762 3691 iungi

994 3713 1124 3769 tudinem
1140 3713 1307 3768 latitudinem
1319 3713 1452 3769 distentus
1465 3722 1518 3779 cst,
1541 3726 1568 3770 et
1591 3715 1618 3767 in
1632 3712 1775 3767 altitudinis

992 3803 1129 3858 cumulum
1146 3801 1242 3867 crevit,
1262 3811 1292 3856 ut
1314 3819 1347 3859 ex
1369 3803 1516 3872 aequalibus
1539 3817 1571 3873 pr
1588 3802 1720 3864 ιιιιεεειιε,
1744 3801 1776 3856 ad

994 3894 1107 3964 mpuaiia
1122 3893 1292 3964 perveniens,
1307 3893 1447 3964 equaliter
1461 3902 1529 3948 totus
1543 3893 1591 3947 eibi
1615 3891 1776 3946 conueniens

992 3985 1116 4039 creverit.
1131 3984 1193 4040 uec
1202 3994 1290 4040 satiem
1307 3984 1445 4050 medietas,
1457 3985 1483 4037 in
1495 3982 1620 4038 omnibus
1630 3982 1706 4038 cubis
1718 3996 1777 4051 qaam

992 4081 1035 4128 est
1057 4074 1219 4143 geometrica
1234 4072 1372 4128 inarmonia
1396 4073 1563 4143 perspicitur.
1585 4073 1680 4129 Omnis
1704 4073 1776 4127 enim
1878 4116 1882 4121 .

991 4160 1076 4216 subus
1098 4160 1177 4217 itabet
1200 4161 1283 4217 intera
1309 4162 1353 4228 ta,
1381 4163 1492 4239 anguino
1514 4163 1540 4229 8,
1564 4163 1721 4234 superdeies
1746 4162 1774 4219 6.

992 4252 1041 4308 iiic
1055 4261 1144 4308 autem
1159 4252 1225 4307 ordo
1245 4263 1273 4309 ct
1286 4254 1424 4324 dispositio
1439 4254 1594 4311 harmonica
1615 4265 1665 4311 ost.
1681 4253 1777 4324 Dispo-

919 4422 923 4429 ι
992 4354 1090 4402 uantur
1103 4345 1173 4400 enim
1194 4344 1222 4411 6,
1245 4345 1273 4411 8,
1290 4348 1338 4414 {23
1355 4348 1397 4404 iaie
1410 4363 1475 4419 erpo
1498 4348 1721 4420 quaemadmodum
1736 4355 1776 4406 esi

154 5309 200 5367 iiia
214 5319 299 5366 autem
312 5310 429 5366 maxima
443 5311 603 5381 symphonia
627 5324 686 5380 oum
708 5317 819 5366 tocatm
833 5308 874 5365 itis
887 5310 941 5366 dia·

153 5415 247 5473 pason,
260 5404 335 5459 volut
344 5403 385 5459 bis
399 5403 521 5474 duplum,
534 5403 660 5471 quoniam
670 5401 799 5472 diapason
817 5402 941 5473 sympiao·

152 5492 198 5547 nia
209 5508 241 5549 cr
255 5492 353 5563 dupiiei
367 5494 539 5564 proportione
550 5486 698 5563 coii'ipitur,
719 5493 781 5548 braic
791 5506 821 5549 se
832 5493 941 5563 junctu-

152 5580 359 5637 raeitarmoniom
373 5582 526 5639 medietatis
541 5583 686 5639 interserit.
708 5582 774 5638 Nam
799 5584 825 5637 in
839 5581 940 5651 dupiiei

49 5670 61 5684 ¹
151 5671 336 5739 proportione,
348 5671 451 5727 medius
464 5671 594 5726 terminus
607 5671 639 5726 ad
653 5673 766 5730 minoris
779 5673 874 5743 suique
887 5666 940 5727 utt-

154 5757 296 5816 durentiam
309 5759 473 5832 qmdrupius
487 5759 630 5817 iuvenitur.

992 4432 1078 4502 major
1091 4434 1219 4509 terminus
1232 4436 1265 4491 ad
1287 4439 1486 4507 parvissimum,
1501 4439 1536 4493 ita
1550 4439 1698 4495 differentia
1716 4453 1775 4495 ma-

954 4521 1056 4592 Djoris
1068 4534 1096 4580 et
1106 4510 1187 4587 medii
1200 4525 1233 4580 ad
1243 4526 1428 4595 parvissimam
1439 4532 1616 4598 eomparatur.

1252 4634 1405 4687 praetenue
1426 4638 1516 4701 duplae.

1503 4835 1605 4893 ufaro

1297 5580 1489 5646 Duplitermiui.
1775 5638 1776 5641 Ἴ

991 5664 1117 5736 Perpensi
1124 5680 1240 5738 namquo
1249 5665 1281 5721 ¹2
1291 5664 1324 5719 ad
1335 5678 1382 5718 sex
1389 5662 1462 5733 dupii
1471 5667 1544 5730 suasi,
1552 5658 1700 5716 diffamatia
1707 5672 1768 5711 tto-a

992 5756 1025 5812 ii
1048 5768 1074 5816 ει
1087 5759 1218 5816 octonarii
1231 5756 1416 5816 uuatcrnarius
1438 5763 1490 5814 εει,
1512 5752 1641 5810 octonarii
1656 5766 1721 5806 raro
1746 5763 1767 5805 u
