4188 6258
153 368 209 434 Qib
622 369 696 424 titt
717 370 748 424 Β.
769 367 938 423 brtuttun'tt
960 366 1115 426 ediscunt
1133 368 1330 427 ttdtttettsts.
1481 390 1485 397 ’
1728 362 1781 419 ΞΗ

153 487 340 549 citatissimos,
358 485 402 539 toli
417 494 457 539 est
472 497 548 539 urstis
561 483 677 552 eloquin.
696 500 706 533 t
724 482 840 550 Scimus,
854 489 946 536 surreie
961 482 986 541 Α
999 482 1074 534 robis
1089 498 1194 537 corutum
1215 485 1302 539 ionem
1326 497 1401 536 serta
1422 481 1438 533 d
1457 497 1482 534 m
1503 478 1652 535 cumomni
1674 480 1781 533 luuoili·

155 578 254 642 Pater,
267 576 384 640 seimus,
397 586 424 628 ct
439 572 567 644 prolunda
584 570 798 626 consideratione
812 570 947 639 perspexi-
998 576 1051 628 iate
1072 575 1214 641 pulliceor;
1231 589 1317 642 nenne
1332 573 1448 627 futurum
1468 588 1528 628 esse
1545 586 1718 641 «poemenem,
1734 572 1780 638 eoi

153 684 232 732 murs,
246 668 373 736 iuuenem
389 666 469 719 istum
483 678 535 718 oon
550 672 674 732 oportere
687 675 737 730 pro
751 664 836 716 {etatis
851 661 944 714 imma·
997 682 1050 729 une,
1064 666 1114 719 ulei
1127 681 1186 718 cum
1201 665 1255 721 lice
1268 675 1371 731 nostro,
1382 664 1466 733 possit
1479 663 1614 718 ollendere
1626 670 1781 717 :auctorem

152 758 263 813 turitate
273 755 395 820 censeri,
408 768 458 809 nee
467 752 566 808 debere
577 752 664 822 gravis
676 752 784 807 eoueiiil
795 751 946 807 bominibus
997 756 1126 813 iturorum
1139 755 1258 807 noudum
1273 763 1382 809 seruate
1404 753 1568 823 pudicitiam,
1583 760 1610 808 et
1622 767 1656 807 ne
1667 750 1781 820 iniurie

152 856 265 900 teneros
278 857 327 913 pro
339 841 453 912 quadarn
466 841 543 896 obice
555 854 640 896 annos
652 840 820 897 oderrizvir
832 856 945 912 namque
995 858 1053 897 sum
1089 845 1186 912 potetis
1211 844 1280 913 qrrnd
1309 844 1465 913 pranderes
1492 852 1519 899 et
1552 844 1723 913 presbyteros
1745 840 1781 894 de

151 948 220 987 cana
245 946 352 987 murem
375 930 528 999 integritate
553 929 696 997 probabilis
715 932 847 999 geminata
868 933 945 990 lande
995 935 1159 990 continentia
1183 944 1210 990 et
1231 935 1383 1004 integritate
1403 932 1534 988 seruanda
1558 948 1624 1002 puer
1644 931 1778 1001 appellat:

151 1024 251 1093 dignus
271 1030 334 1087 est,
354 1022 376 1076 si
396 1020 434 1075 lili
452 1020 486 1074 nd
513 1020 665 1075 uenerabile
687 1020 784 1076 mentia
803 1022 889 1089 imper
898 1038 943 1077 um
994 1027 1173 1091 conuersatio,
1190 1041 1242 1079 uon
1256 1026 1330 1088 antii,
1344 1032 1390 1079 aot
1403 1025 1609 1079 adulescentiam
1624 1023 1720 1093 aperit,
1733 1031 1781 1076 aut

153 1114 258 1184 puerile
280 1126 380 1180 corpus
403 1111 579 1179 obtemperet.
604 1110 667 1166 lt'ire
688 1118 715 1165 tu
741 1120 845 1179 tamen,
874 1114 943 1177 vire,
994 1124 1139 1187 senectam.
1151 1114 1329 1182 speculamini
1350 1129 1416 1169 mea
1430 1113 1641 1168 conversationis
1662 1113 1777 1174 interno,

152 1205 307 1272 exemplum
320 1213 349 1257 et
363 1202 447 1256 imma
466 1201 598 1256 bormium
617 1216 745 1270 eperunt,
765 1210 794 1256 et
807 1202 943 1257 uberiores
993 1215 1019 1258 et
1033 1206 1056 1260 si
1070 1205 1206 1273 indipmm
1220 1202 1319 1272 aliquid
1335 1204 1489 1273 agnoscitis,
1504 1212 1637 1258 coercete.
1653 1199 1737 1257 Nemo
1750 1211 1779 1255 ut

152 1297 179 1349 in
189 1308 236 1358 eo,
252 1294 275 1349 si
289 1293 377 1347 adlrue
390 1299 501 1358 permut
511 1305 645 1355 cre-erre,
658 1290 752 1346 lueidae
763 1293 947 1347 comersoio-
994 1292 1120 1349 [eclesie
1135 1293 1279 1361 principem
1295 1295 1439 1347 admonere
1462 1293 1563 1358 timeat,
1579 1292 1601 1346 si
1622 1291 1715 1359 probat
1734 1305 1779 1345 er·

152 1384 195 1439 nis
209 1383 312 1437 lructoe
331 1380 457 1451 adiunge.
476 1396 486 1433 r
513 1379 560 1434 llis
579 1380 658 1435 dietis
677 1379 818 1435 ennticoit.
844 1383 875 1435 dt
898 1382 945 1438 ille
994 1395 1106 1437 rentem.
1118 1401 1133 1435 r<
1146 1383 1192 1437 ilis
1205 1382 1241 1436 ite
1256 1382 1345 1445 dictis,
1367 1381 1504 1437 conticuit.
1521 1383 1705 1438 surrexerunt
1719 1395 1778 1435 ont·

154 1476 291 1544 piissimus
306 1473 424 1543 pontiler
439 1472 631 1529 benevolentiae
643 1472 702 1541 rjus
716 1473 872 1543 impendens
883 1491 946 1545 gra-
993 1474 1319 1541 nee,etceuisonu,t1ea⁴i
1335 1487 1367 1528 er
1395 1473 1505 1542 pristina
1528 1473 1711 1535 meditamine,
1726 1471 1779 1526 sub

142 1566 226 1631 rias,
246 1563 315 1633 quod
339 1576 431 1617 sccnm
455 1561 511 1632 pari
536 1561 571 1618 de
593 1561 725 1631 discipule
746 1563 943 1622 existimatione
992 1574 1175 1621 moment-inea
1190 1576 1278 1620 tamen
1291 1579 1356 1620 roee
1373 1565 1611 1625 dixerunttidrc,
1627 1564 1777 1632 l‘aterpre·

157 1656 286 1717 sentiret,
301 1653 373 1708 dicte
387 1653 462 1719 iaie,
476 1652 619 1717 discessit;
640 1662 719 1723 atque
732 1654 853 1710 'licinum
867 1658 942 1727 quasi
992 1654 1138 1716 laetissime,
1151 1669 1200 1709 are
1213 1652 1332 1722 pontiden
1346 1653 1504 1721 singularis:
1517 1653 1615 1708 bonum
1630 1660 1656 1707 te
1670 1651 1779 1721 mddem

158 1745 190 1798 ad
204 1745 356 1812 sepulcrum
373 1744 501 1799 iestinans
517 1757 655 1813 regressus
666 1753 707 1800 est
721 1759 729 1798 ε
745 1745 788 1811 cei
803 1746 942 1815 aliquantis
992 1744 1177 1798 universorum
1198 1742 1284 1797 sensit
1306 1742 1419 1806 eiectio;
1434 1741 1480 1796 sed
1495 1742 1623 1809 optimum
1638 1741 1718 1795 etiam
1732 1749 1776 1793 ma

156 1835 250 1890 diebos
264 1836 382 1889 emensis
398 1835 493 1889 morbo
511 1834 733 1903 r··pioperlnsus,
747 1834 833 1890 iucem
847 1837 937 1891 saeculi
954 1822 1122 1888 Brestaotur
1149 1832 1275 1897 ottonum.
1307 1830 1413 1887 Creteis
1441 1832 1540 1886 sanetis
1573 1830 1674 1885 nteritis
1705 1830 1776 1898 apud

157 1923 238 1977 nostri
253 1936 368 1991 superna
389 1921 553 1976 habitatione
566 1921 749 1976 commutarit.
990 1922 1178 1976 censcientiam
1188 1931 1317 1986 irestrrnt,
1329 1930 1355 1976 et
1365 1920 1478 1988 aperiris
1491 1920 1567 1974 luce·
1580 1934 1683 1987 perron,
1695 1932 1777 1985 snpra

168 2011 330 2081 ⁴Extemplo
344 2013 370 2065 in
386 2010 465 2064 istum
488 2010 617 2065 bannorum
638 2009 756 2064 omniunt
780 2024 939 2067 senmurum
990 2027 1070 2077 noem
1091 2011 1277 2080 porrigebatur
1301 2010 1423 2079 optato.»
1447 2009 1551 2077 Quibus
1576 2009 1692 2063 breuiter
1714 2022 1771 2075 per·

154 2100 296 2155 adducitur
315 2116 322 2150 :
341 2112 453 2167 magnos
479 2098 550 2152 illico
569 2098 595 2152 iu
612 2106 666 2152 teta
687 2099 756 2154 urbe
770 2113 938 2157 concursus:
989 2102 1098 2166 strictis,
1112 2111 1236 2170 suscepto
1250 2116 1345 2156 omnes
1358 2115 1468 2157 munere
1482 2101 1673 2156 disresscmut.
1728 2108 1734 2123 ·

157 2188 261 2258 rapitur
281 2202 297 2242 a
317 2188 504 2243 tanuentettoue
527 2187 631 2243 lunebri
655 2188 680 2241 in
702 2187 827 2257 gaudium
850 2189 939 2258 pepuli
1024 2192 1084 2247 llos
1098 2191 1254 2247 sibilreatus
1267 2193 1383 2248 antistes
1403 2193 1512 2262 proprio
1527 2207 1573 2245 ore
1587 2192 1660 2259 iopes
1678 2189 1776 2259 unibus

153 2280 354 2336 consecrandus
375 2280 494 2334 antistes.
528 2278 621 2333 Flebit
650 2278 700 2334 iste
731 2279 940 2349 intemperanter
989 2298 1018 2337 se
1030 2291 1119 2351 posset
1132 2290 1232 2347 tenere,
1244 2282 1364 2338 di'cturit.
1376 2284 1493 2338 Primum
1508 2284 1663 2338 mattritnon
1680 2283 1773 2335 nvan-

152 2371 247 2426 dnlure
261 2370 355 2425 martie
370 2377 496 2437 paterne,
512 2369 555 2423 cot
572 2367 647 2422 reddi
669 2368 772 2441 debitas
787 2368 889 2438 attqoaa
902 2369 939 2423 io·
988 2373 1061 2437 dom,
1075 2386 1109 2427 ue
1123 2372 1235 2427 nitorem
1250 2375 1347 2427 animae
1358 2384 1385 2429 et
1401 2374 1536 2428 interieris
1559 2373 1675 2428 bominis
1698 2373 1775 2427 lorti·

151 2475 257 2532 crymis
272 2460 429 2528 promiscua
445 2457 622 2513 multitudinis
640 2459 730 2512 laetitia
745 2472 798 2512 non
821 2459 936 2515 sinebat.
988 2463 1104 2518 tudinem
1120 2464 1212 2518 balnea
1226 2467 1308 2533 magis
1321 2465 1445 2518 sordibus
1457 2464 1541 2518 amica
1556 2466 1771 2532 confringerent.

151 2551 304 2606 desistebat
317 2550 344 2604 in
359 2561 489 2619 quantuni
510 2557 624 2616 pe'etttl,
641 2555 668 2603 ct
684 2548 822 2618 iudignum
842 2563 872 2603 se
884 2549 937 2618 lem
988 2552 1089 2607 Deinde
1102 2553 1256 2608 decreuerat
1272 2567 1405 2622 nunquam
1427 2566 1488 2607 esse
1509 2553 1709 2622 prandendum:
1726 2554 1772 2608 sed

151 2642 296 2713 apotolica
317 2641 468 2695 imitatione
490 2638 722 2694 clamitabatzerd
735 2646 841 2694 motum
852 2641 936 2708 magis
988 2656 1022 2697 ne
1045 2644 1170 2710 properti
1195 2644 1355 2699 sententiam
1381 2645 1627 2713 supervenientium
1655 2645 1695 2698 ris
1720 2644 1772 2699 ulia

151 2733 275 2804 surgebat
288 2732 315 2786 iu
327 2746 360 2786 eo
374 2730 482 2785 dilectio
494 2737 666 2794 cunctorum,
680 2738 806 2798 quantum
823 2729 848 2782 iu
870 2730 940 2782 rnub
988 2741 1140 2805 temeraret,
1152 2743 1180 2788 et
1193 2744 1238 2786 ant
1248 2734 1383 2801 jactantia
1393 2734 1507 2801 oebaliis,
1517 2741 1563 2789 aut
1573 2733 1693 2789 arentin
1703 2734 1772 2788 launa

154 2825 266 2879 titudine
277 2838 370 2892 magna
382 2823 454 2876 solos
468 2809 592 2890 crat,qui
606 2835 635 2875 se
647 2818 778 2875 vocitaret
790 2820 935 2890 indignum.
989 2822 1147 2887 luderetur,
1171 2823 1297 2879 dilinivit
1320 2838 1453 2894 nonunquam
1477 2825 1527 2880 eibi
1546 2824 1723 2888 coeruttdont3
1743 2834 1773 2878 ut
1828 2808 1831 2815 ¹

152 2915 228 2970 Neine
245 2912 306 2979 noid
326 2913 445 2981 pluribus
463 2917 534 2973 utar,
550 2911 596 2978 qui
617 2912 707 2965 omnia
730 2910 866 2978 explicare
884 2926 936 2965 non
986 2915 1161 2968 commutatio
1179 2913 1315 2978 iterarunt,
1330 2928 1361 2967 ae
1375 2929 1422 2982 per
1437 2914 1488 2968 ltne
1506 2914 1589 2969 semel
1611 2914 1638 2968 in
1652 2912 1695 2968 die
1709 2913 1772 2967 rell·

151 3003 446 3060 raleoil’initimarum
472 3000 608 3055 civitatum
628 3000 776 3068 jenprntur
797 2999 893 3065 stedia,
908 3009 936 3055 et
986 3005 1073 3059 ciendi
1094 3015 1198 3072 tempus
1223 3004 1340 3059 nllerret.
1356 3005 1434 3059 cibos
1455 3005 1534 3072 jussit
1548 3005 1599 3059 sibi
1615 3006 1721 3073 placere
1734 3005 1772 3058 ri·

150 3097 294 3152 attrabitur
307 3103 380 3149 touta
394 3093 527 3154 collectio,
541 3106 574 3145 ae
583 3094 604 3145 si
616 3090 761 3145 initiandus
771 3100 842 3145 essct
856 3091 936 3146 tutius
986 3094 1078 3153 liures,
1104 3091 1224 3158 niirilpue
1251 3093 1277 3144 io
1301 3075 1474 3160 apparatione
1503 3093 1664 3146 lerctdorum
1691 3107 1775 3148 nares

151 3186 383 3253 orbisepiscopus.
394 3182 501 3237 bucitor
510 3179 685 3234 Mediolanum
694 3179 781 3233 niodo
791 3179 934 3244 reluctans,
950 3158 972 3220 C
988 3193 1163 3249 saporemque
1177 3193 1254 3233 surum
1271 3193 1348 3248 posse
1362 3178 1507 3244 offendere,
1520 3180 1570 3234 nisi
1582 3181 1651 3249 mind
1667 3195 1772 3236 aroma·

151 3287 177 3331 et
191 3289 286 3347 magna
301 3276 325 3331 si
338 3276 516 3329 dimitteretur
539 3286 649 3326 monera
665 3272 834 3339 promittens,
849 3272 893 3337 qui
908 3280 936 3325 ut
986 3269 1056 3323 tibus
1076 3268 1238 3325 condiretur.
1268 3272 1376 3324 illerum
1400 3281 1425 3323 et
1450 3270 1591 3339 leguminis
1615 3272 1774 3340 pareebntur

153 3372 238 3434 tieret,
248 3368 336 3436 notuit
347 3366 479 3436 spondere
494 3366 534 3420 rei
550 3365 671 3419 minima.
685 3361 864 3418 Cirnsceratur
876 3378 935 3418 curn
986 3357 1085 3428 cpolim
1099 3357 1145 3413 sed
1162 3367 1283 3415 oeotmm
1297 3359 1391 3414 lterum
1412 3360 1541 3430 usquead
1561 3363 1712 3417 satietatem
1728 3376 1773 3419 ca-

152 3464 225 3516 emni
240 3460 395 3517 celebritate
410 3464 578 3516 cunctorum.
601 3456 757 3537 Exsultabet
775 3456 890 3511 mundus
903 3456 936 3511 de
987 3450 1062 3517 diditi
1073 3466 1079 3503 ἒ
1090 3449 1142 3502 riui
1156 3449 1283 3519 quiddtffl
1296 3464 1487 3521 parum,quam
1498 3460 1586 3507 imit
1600 3453 1771 3522 eripientem

987 3539 1139 3607 aposto‘icae
1148 3538 1340 3594 admonitionis
1350 3555 1453 3595 memor
1462 3541 1585 3596 sumeitet
1594 3542 1628 3597 ob
1638 3544 1772 3615 stomachi
1808 3598 1815 3615 ,

155 3642 315 3697 habitatores
328 3644 432 3698 urbium
445 3651 520 3698 tanto
531 3657 560 3697 se
572 3643 687 3710 tripudio
699 3643 845 3711 jactabant,
862 3642 937 3711 qiuari
986 3631 1131 3686 iilssildiffl
1142 3630 1317 3687 debilitatem.
1327 3632 1526 3688 medendum
1536 3633 1638 3690 witebi!
1649 3634 1773 3692 omnlino
1841 3622 1845 3627 ’

152 3737 218 3805 ipsis
240 3737 349 3805 propp-ie
376 3736 528 3805 profuturus
550 3735 646 3790 infulas
670 3735 847 3790 sacerdoteq'eg
861 3749 938 3790 expe.
988 3723 1015 3775 ill
1029 3723 1147 3789 utrolibet
1164 3722 1235 3776 wls
1249 3731 1352 3778 lectore
1367 3723 1497 3778 malumus
1510 3742 1515 3777 ζ
1528 3725 1609 3779 list!
1623 3726 1771 3796 tlgdlumtn

147 3825 453 3896 murmurmurmur
470 3825 744 3895 magnarumurltium
759 3824 938 3879 incolasedux
988 3810 1099 3866 simili
1115 3812 1258 3867 Ιθῦῑθιὶῑιιιῦ
1272 3813 1431 3875 antecedens
1453 3813 1486 3867 ed
1508 3814 1651 3869 ecelesiam
1672 3818 1775 3886 prebe·-

149 3916 329 3970 eoosumebat
351 3915 459 3978 inuidia,
476 3916 545 3984 quud
566 3924 670 3989 tantum]
687 3913 777 3983 oppidi
792 3914 939 3969 Ticlnensis
989 3912 1030 3957 ici
1050 3904 1201 3971 i³l¹3⁵⁴³⁰li¹¹b
1222 3903 1366 3972 P⁰⁸¹il¹¹²¹¹¹
1392 3916 1458 3958 ”⁰¹⁰
1479 3902 1517 3958 nd
1540 3905 1632 3960 ⁸¹³⁸?ss
1657 3908 1772 3962 wbiitii·

150 4006 272 4074 angustia
287 4005 386 4060 babere
396 4005 538 4063 meruisset
548 4004 704 4067 antistitem,
715 4018 776 4058 cum
786 4003 855 4072 apud
868 4004 939 4073 ipsos
986 3994 1164 4063 pervenisset,
1178 3993 1276 4048 nui'atu
1299 3994 1457 4051 deliberarit
1477 3995 1593 4053 intonent
1607 4012 1668 4057 esse
1682 4013 1776 4055 neces·

147 4102 204 4152 sota
240 4097 382 4167 pontiliaco
413 4097 624 4167 metropolitane
650 4095 785 4164 terrentia
812 4096 937 4151 uocabula
989 4086 1107 4150 uiuum,
1124 4100 1175 4155 (tit
1198 4084 1260 4149 iudo
1285 4086 1335 4141 elsi
1358 4086 1480 4156 impleti*
1500 4089 1666 4147 mleutolboe
1687 4100 1777 4160 posset

146 4197 301 4243 tuerentur.
990 4176 1095 4231 abduci.
1111 4177 1216 4232 lunatis
1233 4177 1345 4245 pedibus
1367 4193 1451 4245 ustrou
1471 4180 1507 4233 ad
1518 4181 1776 4237 eoncmmprtpm

182 4280 291 4333 Exacto
305 4291 371 4347 ergo
385 4276 560 4333 dedicationis
575 4290 630 4329 snm
643 4275 698 4341 die,
712 4274 833 4329 'licinum
849 4275 937 4339 rediit,
990 4270 1098 4339 mystici
1109 4270 1200 4337 operia
1212 4278 1284 4323 erare
1297 4284 1326 4323 se
1339 4271 1442 4325 debere
1458 4275 1705 4329 emistlmi12itaot
1725 4274 1776 4330 bu·

148 4368 362 4438 convocatisque
374 4368 508 4423 universis
522 4366 686 4437 presbyteris
698 4381 730 4421 ec
744 4364 884 4432 ministris,
901 4375 940 4420 ta-
991 4373 1066 4413 rnore
1077 4358 1246 4426 uestigium
1263 4357 1349 4411 locum
1372 4372 1449 4412 suurn
1473 4361 1641 4431 depingeret,
1656 4375 1683 4418 et
1697 4365 1777 4432 inope

146 4462 217 4517 libus
234 4476 283 4515 eos
295 4460 420 4516 instruxit
432 4472 458 4516 et
469 4459 628 4515 contradat-it
644 4458 798 4529 alloquiie.‹
813 4458 940 4525 Quamvis
994 4449 1184 4519 “blsslmtiibutl
1208 4446 1347 4501 imiimi·
1373 4448 1453 4503 liunt·
1463 4451 1598 4507 monum
1614 4462 1715 4506 tartaro
1726 4454 1776 4527 eibi

144 4566 203 4616 rie,
235 4550 333 4605 iratres
357 4548 505 4616 carissimi,
531 4550 600 4605 iuter
623 4548 768 4619 primordia
798 4550 937 4603 immatura
996 4538 1437 4609 imposuitmrmo,mtpsamsa
1453 4538 1777 4597 miseriaiutarreeredn.

145 4641 312 4695 titubantem
332 4639 423 4708 judieii
439 4639 518 4694 uestri
533 4649 560 4696 et
580 4647 711 4708 susceptae
724 4638 861 4707 diguitatis
874 4653 940 4708 pon·
993 4630 1290 4702 minutorumque
1299 4646 1347 4702 per
1356 4632 1778 4705 mplipsntiamapnibutepnqoe

145 4731 196 4785 dus
211 4724 399 4800 oppresserit,
416 4730 523 4782 nomint
539 4738 629 4783 tanuen
649 4729 711 4796 qnid
733 4729 825 4797 pnutim
845 4734 940 4783 rerum
996 4722 1159 4791 pernrielseet
1180 4723 1283 4782 intorti.
1307 4723 1347 4780 td
1369 4725 1529 4795 patientiam
1547 4724 1646 4780 laberis
1659 4734 1779 4794 tempora

144 4822 280 4886 debeam,
292 4820 335 4875 eni
349 4820 462 4875 maxima
475 4819 634 4875 consedistis.
650 4819 682 4875 tu
695 4819 755 4874 iicet
769 4819 878 4889 parendi
892 4833 940 4873 ro·
994 4812 1060 4877 otii,
1078 4811 1231 4867 necescitati
1251 4822 1280 4867 ιι
1298 4814 1448 4880 calticeret,
1470 4827 1568 4883 corpas
1592 4814 1702 4884 aptadt.
1724 4815 1780 4873 lloe

146 4914 187 4968 bis
202 4911 296 4983 magis
318 4896 395 4979 nuum
412 4909 521 4979 jubendi
536 4909 672 4964 habuerim
693 4908 867 4975 uoluntatem,
884 4924 941 4963 mu·
995 4894 1167 4958 obtinendi
1183 4902 1373 4973 pugnantum
1387 4904 1429 4958 rel
1444 4902 1699 4977 disciplinaeque
1715 4923 1779 4978 prat·

148 5005 200 5056 tari
213 5013 309 5057 tamen
321 5015 369 5068 per
380 4999 496 5055 cilicium
511 5014 653 5068 personam
665 4997 810 5061 serrieudi,
823 4998 942 5053 animum
994 4995 1093 5063 posuit,
1107 5008 1250 5065 nemeseus
1264 5004 1316 5059 est,
1329 4992 1602 5064 serradt,lrnplnrlt.

147 5109 205 5146 non
226 5090 319 5146 amisi.
346 5089 438 5145 Estme
463 5089 578 5158 pacidci,
593 5097 679 5144 estote
702 5088 857 5153 unanimem
875 5102 947 5144 onus
1032 5083 1093 5141 ttox
1105 5099 1172 5142 rere
1190 5100 1240 5155 per
1258 5085 1410 5141 mrirersum
1432 5087 1560 5143 mumdum
1576 5100 1696 5145 tanmem
1711 5092 1781 5146 iltius

150 5197 244 5245 anenno
260 5194 367 5235 meeum
377 5178 487 5234 dividite
500 5196 505 5231 :
520 5179 546 5232 dt
559 5179 629 5234 enirn
643 5178 676 5232 ad
690 5177 847 5246 pertundam
860 5174 945 5233 ieciiis
995 5176 1227 5233 conseruationem
1250 5176 1306 5240 iiie,
1320 5190 1380 5245 ptum
1403 5177 1466 5233 lieet
1492 5179 1518 5234 in
1538 5180 1661 5249 gloriosis
1679 5184 1782 5237 mribus

148 5272 276 5341 sarcina,
290 5284 370 5338 quarn
395 5267 539 5322 multonem
565 5267 634 5322 colla
658 5277 809 5323 srmtentunt
828 5284 838 5323 a
859 5282 944 5323 meam
997 5267 1098 5325 tardior
1112 5282 1173 5324 esse
1193 5267 1270 5330 solet,
1287 5266 1355 5323 laura
1374 5284 1429 5323 non
1449 5271 1542 5327 tacuit.
1562 5271 1616 5329 sod
1634 5273 1689 5327 ¹ad
1703 5285 1782 5326 autres

152 5381 280 5443 laetum,
292 5376 356 5432 Solo
369 5378 505 5439 oramine
517 5375 748 5430 disertitudinem.
766 5377 861 5431 Verium
876 5393 943 5445 prae-
997 5380 1042 5435 vili
1058 5382 1130 5436 beiln
1144 5379 1251 5434 adortus
1269 5380 1403 5436 interemit
1417 5398 1488 5440 aurun
1506 5385 1568 5441 lii.
1582 5385 1635 5441 Nec
1651 5390 1782 5450 posterior

152 5449 243 5511 tinore
256 5458 326 5499 omae
338 5446 508 5501 codices-boc
523 5448 580 5501 locu
592 5446 737 5500 llrrsticuun
754 5446 851 5514 legunt.
995 5452 1076 5518 igitur
1090 5451 1140 5504 bne
1150 5463 1230 5513 anun,
1243 5466 1292 5503 nec
1304 5452 1377 5520 prior
1390 5453 1437 5507 iile
1448 5457 1531 5524 potnit
1543 5470 1603 5510 esse
1614 5453 1718 5522 leporio,
1729 5466 1790 5521 qne

189 5520 197 5547 ¹
217 5517 259 5568 ed
271 5530 345 5568 eures
358 5514 502 5586 diremerir]
515 5516 631 5569 liicimer
641 5519 681 5568 dir
696 5515 774 5570 ltemii
785 5519 852 5582 dorp.
865 5518 943 5572 illlam
1000 5519 1140 5573 itietmmts
1155 5519 1262 5575 nomine
1277 5521 1381 5577 iunctus
1399 5534 1439 5578 est
1456 5525 1489 5578 ad
1503 5522 1682 5577 dntliendum.
1703 5522 1781 5589 Sipo-
1825 5518 1828 5524 ’

153 5599 269 5639 uxorem
284 5584 441 5639 «lusitanum
461 5584 525 5648 tot,
541 5597 569 5638 ut
584 5588 662 5640 docet
682 5600 730 5640 uos
750 5585 886 5651 Sidonius,
900 5591 944 5655 qui
996 5589 1067 5651 rrius,
1086 5596 1113 5641 et
1126 5587 1170 5641 nili
1187 5590 1281 5657 partim
1299 5594 1341 5643 ml.
1352 5609 1448 5645 annum
1472 5592 1519 5647 lil
1543 5591 1670 5656 referunt,
1685 5595 1789 5657 pai-tim

152 5657 205 5708 coir
220 5654 281 5721 ejus
294 5654 355 5706 notui
374 5654 451 5707 duem
468 5653 577 5709 liemaro
601 5653 673 5717 iocre
689 5670 735 5709 sus
750 5657 849 5723 innuptiis
865 5657 945 5711 iuter·
996 5657 1029 5711 ad
1043 5665 1208 5725 sequentum,
1225 5661 1366 5727 perspicuo
1380 5660 1592 5714 auraubrnnismo.
1608 5660 1696 5716 Nervus
1708 5663 1780 5716 euim

152 5722 245 5786 remit,
258 5723 303 5777 lib.
319 5739 337 5787 t,
352 5722 429 5794 epist.
446 5723 472 5779 tt.
490 5723 560 5777 idem
577 5725 744 5779 dritlucmiuur
765 5740 884 5782 socerum
905 5727 943 5782 ci·
997 5726 1081 5781 adltue
1095 5725 1234 5795 cnlscupus
1250 5742 1304 5784 erat
1319 5724 1491 5799 llpipirauios,
1501 5730 1533 5783 ad
1549 5728 1696 5787 Ticinuueis
1708 5734 1790 5788 tubis-
