4188 6258
155 402 210 463 btl

826 408 1002 466 csttttzutttt
1021 408 1085 465 bttt.
1105 407 1125 464 i.

1728 412 1780 465 bts

157 522 281 575 nesciere
298 521 443 589 plaurariu:
458 520 493 576 ita
516 523 624 578 domtus
645 521 801 578 liberalibus
820 521 946 577 institutis
962 525 987 583 Α
1036 522 1076 576 nd
1091 530 1202 577 matrem
1214 523 1330 591 iungens
1342 522 1586 593 uirginitatisonus.

158 611 230 663 lmua
244 620 359 665 nicritem
380 627 443 667 cura
466 612 603 683 grauidam
616 611 651 668 ad
667 622 742 680 spem
754 612 881 682 germinis
894 627 947 666 mc·

1000 607 1049 676 Qut
1061 621 1173 665 mortem
1189 610 1302 680 proprie
1316 613 1448 679 superarit
1468 628 1578 669 munere
1592 614 1697 678 mortis,

157 700 236 756 lionis
254 701 362 755 attollit.
391 701 530 757 Pelluntur
553 703 642 757 animo
665 703 838 758 consiliorum
860 703 948 756 toxica
1033 699 1105 755 Dans
1117 701 1197 756 ritam
1209 701 1319 769 mundo,
1332 702 1424 758 iuuere
1435 718 1514 772 quem
1527 704 1639 773 peperit.

157 789 284 844 bumanis
306 800 454 859 preparata
484 790 608 856 necibus,
628 789 725 846 lrunroi
747 790 819 846 succi
843 789 947 846 letlrulis
998 790 1044 845 lilc
1058 805 1104 860 per
1114 791 1249 847 excelsum
1264 792 1352 847 ridear
1362 809 1404 848 me
1417 794 1510 848 ilcxtcr
1520 794 1674 864 Olympum.

155 877 292 943 aboletur,
306 879 430 948 quotiens
445 880 594 949 turjusruoui
608 881 827 950 occupationibus
842 881 945 950 ingen'a
1032 879 1231 950 'i'uncpatriam
1245 892 1360 957 teneam,
1372 893 1434 939 tunc
1443 883 1566 941 stationis
1580 898 1669 953 opem.

154 983 187 1023 sc
207 969 378 1024 submittunt.
394 969 460 1025 llinc
475 972 507 1023 ad
523 971 635 1025 clar-iura
653 970 863 1040 digredientibus
876 969 944 1023 itini·

995 967 1089 1024 ttobtta
1103 968 1185 1023 lanati
1198 980 1305 1025 uerrunt
1320 972 1380 1026 licet
1397 988 1503 1042 :equora
1519 973 1602 1038 renti,

155 1072 253 1112 norrun
272 1067 413 1129 patescunt
433 1069 535 1115 secreta
552 1062 823 1130 librorumrquornrn
836 1059 944 1129 januam
1029 1058 1165 1114 ilintosam
1183 1061 1290 1130 puppim
1304 1061 1341 1116 nil
1360 1062 1480 1117 nocitura
1496 1071 1599 1132 petunt.
1708 1118 1713 1125 ,

126 1200 130 1205 ,
151 1162 236 1201 sensu
252 1150 374 1217 prusame
383 1147 443 1203 dum
459 1158 573 1213 reserat,
590 1150 693 1221 populis
706 1165 735 1205 so
745 1150 812 1205 duce
824 1151 943 1220 peruium
994 1149 1085 1205 lldcia
1096 1151 1250 1219 corruperitis
1260 1152 1375 1222 quatiam
1387 1159 1450 1208 lunc
1463 1162 1586 1223 tgrnpana
1600 1153 1724 1221 clrordis;

153 1238 218 1292 iacit
234 1240 285 1293 iter
297 1239 448 1308 ignoratum
462 1279 470 1306 ,
486 1242 548 1294 dour
571 1242 724 1297 tasttuiosos
735 1243 832 1313 eloquii
855 1243 943 1310 spieu-

1029 1239 1152 1295 Floribus
1164 1249 1192 1296 et
1204 1242 1308 1309 pingam
1324 1242 1441 1296 carmine
1458 1254 1548 1297 nostra
1563 1243 1649 1298 noris.

151 1327 230 1393 dore,
248 1343 341 1397 parum
354 1330 447 1384 doctos
460 1328 587 1384 fabricata
600 1332 752 1399 Latinitate,
766 1342 803 1397 et,
818 1339 848 1385 ut
857 1332 941 1400 aiunt,
993 1331 1027 1388 tir
1038 1329 1130 1410 latcar,
1143 1332 1220 1386 dictis
1230 1339 1336 1388 con-lu
1349 1333 1417 1388 berre
1430 1334 1521 1389 dicere
1535 1334 1640 1401 laetum;

151 1417 251 1474 arridei
277 1419 429 1475 rusticitate
450 1419 581 1490 perducit.
597 1422 663 1489 Quis
687 1423 765 1476 talem
781 1421 875 1476 salutis
889 1437 940 1475 non

150 1507 247 1578 diligat
260 1509 386 1576 iudicent,
403 1526 455 1564 noa
471 1523 608 1579 sequntur,
620 1511 666 1582 qui
677 1512 939 1575 necessariisdulcia,

1027 1423 1037 1454 ¹
1052 1423 1148 1478 Tristia
1164 1424 1199 1477 nil
1216 1424 1323 1493 capluut
1336 1433 1442 1492 pectora
1457 1424 1612 1493 versiloqui.

990 1512 1043 1569 Sed
1058 1514 1148 1567 redcat
1161 1528 1283 1579 remum,
1294 1524 1380 1569 cesset
1390 1514 1445 1584 iam
1457 1516 1550 1570 bruma
1567 1516 1687 1571 timoris:

149 1596 276 1652 dulcibus
293 1613 387 1654 scrcra
410 1599 548 1654 miscendo
568 1614 660 1655 amaru
678 1601 740 1655 ritae
759 1601 891 1669 dogmata,
913 1610 942 1657 ct
1025 1600 1151 1670 Strirtgite
1165 1617 1225 1670 quse
1240 1612 1346 1667 nectant
1360 1603 1473 1659 irondca
1488 1615 1558 1659 serta
1570 1619 1671 1659 comas.

150 1687 223 1743 relic
236 1689 309 1758 cogit
323 1689 438 1744 inritos?
455 1690 508 1744 Sed
524 1690 603 1744 istinc
616 1690 681 1744 alias
694 1691 773 1759 ccepti
787 1693 935 1761 complean-

149 1788 194 1833 tur
208 1778 321 1833 honesta
337 1790 400 1835 rota
416 1781 556 1850 propositi.
573 1785 649 1850 bpud
666 1783 781 1837 seientes
794 1798 883 1837 rerum
900 1784 939 1837 lo·

146 1875 258 1943 qu²mur
277 1889 284 1926 a
312 1887 357 1927 res
374 1874 479 1929 virtutis
496 1884 548 1940 est,
569 1874 695 1943 gaudium
710 1874 870 1939 corrtincre;
894 1869 975 1930 se·B

145 1964 244 2019 eunde
257 1964 401 2034 diligentiae
416 1980 464 2035 per
475 1964 638 2051 clalmraturo
650 1964 782 2019 tramitem
795 1964 937 2020 luculentae

146 2058 276 2113 dictionis
289 2057 450 2114 ostendere:
465 2059 544 2114 bodie
565 2058 691 2127 ruarirnr,
708 2074 767 2115 cum
785 2058 837 2114 mit
852 2061 938 2129 portio

147 2147 231 2203 limen
246 2149 366 2219 ingressa
378 2148 507 2203 lacundirc
518 2148 563 2204 dat
577 2148 682 2219 parenti
695 2148 871 2204 es'srdtatione
882 2150 937 2204 clo·

145 2240 285 2310 quentiam
309 2255 388 2308 qoam
404 2255 455 2310 neg
474 2248 484 2293 ι
502 2241 655 2309 ingenium,
677 2253 737 2292 cunr
756 2237 837 2293 donat
852 2254 932 2294 causa

144 2333 218 2403 quod
235 2341 331 2388 natura
348 2347 401 2388 nnn
423 2333 555 2403 prustitlt.
576 2332 660 2388 ttacre
682 2334 824 2405 insignium
844 2336 936 2390 adolc-

143 2437 225 2478 scens
239 2424 380 2492 virtutum,
391 2422 435 2491 qui
448 2420 474 2475 in
487 2436 554 2476 cino
566 2421 631 2476 ilnrc
645 2438 784 2491 pomorum
795 2440 934 2480 numerum

143 2523 292 2566 monstras.
305 2511 355 2565 bas
370 2512 472 2580 pellere
483 2510 638 2568 alilictionis
648 2513 773 2583 glaciem,
789 2525 814 2569 ct
831 2515 864 2570 ad
876 2531 936 2571 rer·

143 2618 208 2659 nunt
227 2618 273 2658 mc
286 2603 412 2658 dictionis
431 2605 536 2659 inritas.
553 2604 619 2659 Natu
634 2606 697 2661 dum
717 2609 787 2677 quod
806 2618 833 2662 tu
852 2609 935 2666 debes

142 2692 253 2756 studiis,
267 2706 320 2762 ego
331 2692 457 2760 impendo
469 2692 579 2759 latitia,
597 2704 661 2760 puto
674 2697 753 2749 ambo
768 2699 932 2765 piuttrimus.

143 2781 238 2838 Simile
247 2792 290 2837 est
304 2783 389 2853 euim,
402 2781 496 2837 rudcnr
512 2782 664 2850 instituere,
679 2792 706 2839 ct
717 2783 749 2838 ad
763 2785 934 2842 declamatio·

142 2874 185 2927 nis
194 2874 322 2928 allectum
335 2886 461 2929 reuocare
472 2873 527 2943 jam
538 2873 670 2930 desident.

143 3005 206 3060 Post
216 3021 303 3062 canas
316 3006 432 3072 bieures,
446 3021 479 3076 ge
490 3008 525 3061 idi
542 3016 602 3078 pest
615 3008 710 3063 dnurua
726 3010 788 3079 proi
797 3011 860 3079 ndi,

179 3096 364 3165 Trartqrtiliunr
379 3097 504 3165 quotiens
519 3099 605 3151 trarila
620 3099 703 3166 carptit
718 3100 788 3165 iter,

142 3184 249 3250 bloercl,
265 3195 292 3239 et
307 3184 380 3238 irrirdt
396 3186 519 3253 desperat
530 3200 655 3255 prospera
669 3190 752 3257 ponti,

177 3282 320 3346 Quatnqoc
333 3275 405 3329 ridct
418 3274 514 3329 tactem
528 3291 580 3329 non
596 3286 668 3346 potat
682 3292 741 3332 csse
752 3278 826 3332 salis.

142 3365 236 3421 Sibilat
251 3381 315 3418 aura
328 3365 405 3431 icris,
422 3365 523 3421 validus
538 3368 615 3421 tinrct
626 3367 671 3421 iile
686 3368 817 3437 procellas

178 3453 322 3508 Fluctibus
336 3462 363 3509 et
375 3453 487 3509 blandas
496 3454 611 3509 aesrimat
622 3470 682 3510 esse
696 3456 792 3511 minas.

143 3542 236 3599 Lintea
249 3543 273 3597 si
287 3544 408 3611 crispant
421 3542 536 3613 Zephyri
552 3544 693 3613 pendentia
708 3544 790 3612 malo,

180 3635 300 3690 Euboici
316 3634 382 3689 ludit
396 3636 505 3704 spiritus
520 3636 666 3707 obsequio;

145 3726 290 3780 &niumm
305 3729 391 3782 sentis
406 3735 528 3781 nnttrram
539 3727 652 3797 perdere
667 3727 740 3795 leges

181 3815 268 3881 iurat,
282 3823 312 3870 et
326 3817 465 3885 antiquum
480 3816 565 3869 credit
578 3815 673 3870 adesse
687 3816 779 3870 cbaos.

144 3903 246 3959 Gaudia
260 3906 300 3960 sic
313 3905 410 3960 tollunt
423 3905 537 3975 placidis
546 3905 699 3960 discrimina
713 3906 808 3965 rebus:

179 3996 257 4051 riui'a
271 3995 339 4051 lidcs
354 3997 422 4051 lauis
437 3996 549 4066 integra,
566 4010 615 4050 nec
625 3994 723 4051 dubiis.

147 4085 200 4141 dm
215 4087 297 4142 aiitcr
310 4089 392 4141 uariis
405 4086 490 4140 tenuit
501 4100 567 4156 qous
580 4086 663 4140 Roma
676 4086 795 4155 periclis,

178 4178 290 4233 littoris
304 4179 388 4249 optati
402 4178 517 4234 reddidit
530 4179 562 4233 ad
578 4180 720 4248 gremium.

147 4265 317 4326 Pcrmnicent
329 4270 413 4341 pelagi
427 4285 525 4325 numen
539 4269 691 4325 uenerabile
701 4278 792 4332 cantu,

180 4360 308 4415 bncbora
317 4359 387 4430 quod
399 4360 535 4430 proprium
548 4359 862 4416 mordctobtrncasolurn.

146 4448 266 4505 Flamina
278 4449 329 4506 sed
341 4449 419 4505 lassis
434 4459 554 4505 tenerum
571 4450 671 4505 iactura
685 4464 810 4520 soporem

179 4540 345 4597 Perturbunt
358 4549 475 4596 mentem
488 4540 579 4596 militis
593 4540 720 4610 aequorei.
740 4578 745 4583 ·

146 4632 226 4688 trus
237 4631 304 4685 ratis
316 4631 423 4701 subigit,
439 4645 528 4686 remos
542 4639 569 4685 et
579 4630 658 4685 lintea
671 4629 773 4685 vibrat:

178 4726 225 4781 Sic
240 4738 319 4780 mens
334 4721 500 4793 naufragium
514 4723 673 4793 suspicionis
688 4720 746 4777 bab:
757 4732 776 4779 t.

146 4816 278 4872 ddrcniat
288 4815 369 4870 siccis
383 4815 428 4883 qni
441 4815 535 4885 pressit
548 4815 645 4869 cestria
658 4813 775 4883 plantis:

179 4905 248 4963 bam
260 4915 354 4974 portus
369 4904 487 4960 lelixille
501 4905 595 4959 salutis
610 4903 671 4958 crit.

145 4996 195 5064 Qui
206 4996 304 5051 latices
314 4995 403 5051 rinsit
414 4995 526 5049 lundens
535 4995 562 5048 in
578 4997 673 5064 pocula
688 5007 794 5067 saturum,

179 5090 231 5156 Qui
245 5087 349 5157 lapides
363 5087 454 5156 soluit,
467 5087 513 5155 qui
526 5085 651 5141 solidarit
663 5100 755 5154 aquas.

146 5182 229 5248 Quem
245 5179 360 5249 genitrix
373 5178 439 5232 ludit
452 5176 538 5231 secli-r
548 5177 607 5231 sine
617 5176 721 5231 semine
736 5174 800 5238 ieta,

182 5312 301 5367 'Tristia
321 5310 358 5364 rrii
382 5311 484 5393 cupiunt
504 5319 606 5379 pretore
633 5305 783 5379 versiloqui]
809 5306 935 5361 Sidonius

147 5381 244 5455 Lampr
255 5384 301 5435 dio
316 5397 324 5435 ι
342 5379 418 5434 Νοιιι
437 5381 514 5450 probe
530 5380 645 5432 letitiam
662 5390 804 5447 poetarum,
825 5390 934 5446 prterunt

145 5453 295 5523 dringcniu
309 5451 470 5514 meroribus,
486 5458 512 5501 ιιι
532 5450 646 5508 pisciculi
661 5447 755 5502 retibus
772 5448 934 5500 crucientur.

149 5522 334 5592 liersrioquurb
350 5521 439 5589 itaque
455 5526 531 5573 vocat
546 5533 597 5571 uon
614 5520 715 5572 rairuru
731 5528 777 5572 aut
794 5518 934 5571 rcrsutrlo·

145 5607 239 5663 qnam,
254 5590 303 5645 sed
315 5599 419 5659 pocbun
434 5590 478 5656 qui
495 5603 589 5642 versus
604 5590 702 5656 pangit.

181 5664 244 5716 'Ad
258 5657 396 5732 Faustum]
409 5659 555 5714 Occasione
568 5663 693 5711 carminis
710 5657 848 5725 cujusdam
862 5653 931 5723 quod

142 5745 160 5784 a
176 5731 276 5786 Fausto
290 5738 442 5797 acceperit,
458 5728 587 5796 tereticam
602 5730 666 5794 elns
686 5727 837 5783 facultatum
860 5725 932 5780 uritis

143 5802 190 5857 iao
200 5803 268 5859 iiim·
283 5801 400 5857 csto'lit.
417 5803 473 5866 tirio
484 5798 584 5853 scilcet
599 5795 711 5851 Ennudii
726 5799 859 5869 prunonio
872 5809 932 5864 per·

989 1693 1100 1750 fantem
1115 1709 1174 1763 quae
1189 1695 1292 1760 solitos,
1308 1696 1370 1751 dttru
1387 1697 1490 1765 piebem
1506 1708 1625 1766 pasceret
1636 1712 1694 1765 occ,

1024 1784 1182 1842 Ambrosius
1198 1796 1271 1841 rates
1285 1788 1403 1842 carmina
1414 1787 1525 1859 pulchra
1538 1790 1619 1860 loqui.

1351 1879 1408 1935 Vll.

1137 1984 1170 2022 to
1185 1971 1324 2025 'reuerent
1343 1987 1374 2024 rte
1388 1986 1543 2027 csnrttmens
1557 1987 1626 2027 erus.

1312 2061 1446 2134 Prusntt‘o.

1023 2148 1078 2205 tltst
1090 2150 1244 2207 didicissem
1260 2153 1329 2221 quod
1348 2156 1478 2209 serenitas
1495 2155 1664 2211 conscientie
1678 2167 1773 2212 restra

988 2241 1066 2310 bttjus
1079 2243 1143 2297 mali
1165 2242 1282 2299 scabiem
1298 2245 1441 2313 abjuraret,
1457 2247 1571 2301 inrisum
1587 2248 1653 2302 milii
1674 2248 1772 2317 eloquii

988 2332 1053 2388 uber
1068 2342 1227 2390 astruerem.
1245 2334 1369 2390 Facessai
1387 2352 1401 2390 a
1418 2337 1493 2392 bonis
1508 2339 1612 2393 actibus
1630 2354 1672 2393 res
1687 2341 1772 2395 amica

987 2423 1113 2491 pcrlldiae.
1131 2424 1171 2478 lle
1182 2426 1271 2481 teriren
1287 2428 1402 2482 nocitum
1414 2430 1514 2483 cante'a
1530 2438 1617 2485 restra
1633 2430 1771 2486 denuntio.

987 2512 1171 2582 Suspendistis
1184 2514 1313 2571 iractenne
1326 2518 1359 2571 ab
1372 2518 1497 2588 ingenioli
1514 2522 1565 2574 mci
1583 2521 1705 2575 ariditate
1722 2521 1771 2575 im·

986 2602 1059 2658 brem
1076 2603 1208 2660 lructuom
1230 2607 1397 2662 nutritorem.
1421 2609 1491 2664 Deus
1506 2610 1588 2665 bonel
1601 2626 1679 2680 quam
1694 2626 1771 2678 pere·

985 2694 1075 2761 grinas
1087 2694 1114 2749 in
1135 2710 1178 2750 me
1195 2704 1222 2750 et
1235 2711 1268 2751 ex
1288 2698 1370 2752 resrri
1387 2700 1441 2753 oris
1460 2699 1562 2754 diuitiis
1575 2701 1717 2771 acquisitas
1731 2700 1772 2755 di-

984 2784 1062 2839 ccndi
1083 2801 1147 2855 npcs
1171 2786 1306 2857 intelligo!
1329 2787 1440 2855 Arljacet
1472 2790 1549 2845 dictis
1578 2791 1769 2859 locupletibus,

985 2882 1112 2943 quantum
1124 2876 1222 2943 sentio,
1238 2876 1404 2946 rubiginosos
1421 2878 1507 2946 lingua
1520 2889 1545 2932 et
1561 2892 1640 2933 scnsu
1663 2879 1771 2932 lubctcs

985 2962 1086 3031 peritiae
1099 2965 1160 3020 lima
1171 2980 1344 3036 componere.
1358 2965 1405 3021 list
1419 2967 1493 3023 robis
1506 2967 1638 3037 quoddam
1649 2983 1708 3021 cum
1724 2969 1771 3019 iro·

986 3052 1085 3106 minum
1106 3053 1206 3109 lecture
1228 3055 1380 3125 collegium.
1402 3056 1448 3112 lile
1469 3056 1543 3111 tutu
1564 3073 1596 3110 cs
1615 3056 1709 3119 niirilo,
1723 3071 1770 3110 ros

985 3146 1115 3214 reparatis
1134 3145 1161 3199 irt
1176 3145 1284 3201 arelius.
1302 3146 1407 3203 Gratias
1422 3162 1471 3216 ego
1485 3146 1574 3201 rcicro
1595 3148 1628 3203 de
1647 3155 1770 3214 suscepto

947 3234 970 3294 c
985 3234 1113 3299 carmine,
1131 3248 1192 3290 cunr
1206 3236 1241 3289 de
1254 3233 1337 3290 dilato
1356 3250 1483 3291 moeream
1507 3235 1649 3290 beneficio.
1665 3235 1704 3289 tt
1719 3235 1769 3289 Ca·

985 3325 1126 3379 ruoenalcm
1137 3325 1214 3394 ignou
1226 3325 1319 3389 initum,
1330 3326 1427 3394 quibus
1437 3341 1570 3395 nunquam
1583 3325 1595 3358 ⁸
1608 3325 1770 3381 Giuridcnus

925 3458 930 3469 .
984 3414 1072 3479 dccet,
1095 3418 1188 3470 reisue
1211 3415 1314 3486 adjeci;
1338 3425 1366 3471 ct
1388 3417 1524 3484 peritura,
1546 3425 1573 3471 ιιι
1599 3417 1769 3481 dictumest,

983 3504 1082 3559 clrartae
1103 3504 1229 3574 prodigus
1254 3519 1307 3560 riou
1332 3506 1449 3575 peperci.
1471 3505 1563 3575 Legite
1579 3505 1769 3575 jocunditatem

985 3603 1087 3648 rumora
1101 3605 1235 3663 poemata,
1250 3609 1279 3650 et
1290 3596 1413 3651 lumiliari
1427 3596 1568 3665 stupenda,
1585 3606 1612 3651 ιιι
1625 3597 1711 3664 aiunt,
1723 3595 1771 3651 de·

983 3699 1045 3739 cora
1058 3686 1236 3751 comprimite.

984 3816 1115 3872 Fluminis
1130 3818 1156 3872 in
1171 3817 1259 3872 nrcdio
1272 3821 1410 3873 succendis
1424 3821 1538 3886 risccra,
1556 3819 1609 3873 Fau
1627 3830 1663 3883 tc,

1019 3907 1100 3978 cujus
1111 3909 1156 3964 alit
1172 3925 1293 3980 irriguam
1304 3910 1431 3964 carminis
1446 3912 1515 3965 ttnda
1530 3911 1612 3965 siritu.

984 3999 1048 4066 Quis
1063 3998 1131 4054 ierat
1147 4000 1271 4055 ardrrrcm
1281 4000 1403 4066 laticum,
1420 3999 1591 4071 ssanrmasque
1603 4002 1708 4056 liuentis

1019 4090 1151 4160 cogitans
1160 4092 1234 4146 sicco
1247 4093 1355 4146 sorbeat
1369 4106 1417 4146 ore
1431 4093 1543 4161 potans?

985 4179 1013 4234 F·
1024 4189 1070 4236 me
1085 4181 1264 4251 raporilernnt
1281 4184 1388 4251 pariunt
1400 4181 1443 4236 lua
1459 4183 1540 4238 rerba
1553 4183 1690 4238 calorem:

1019 4271 1124 4328 AEstuat
1137 4272 1300 4343 incuterem,
1318 4273 1411 4341 pocula
1428 4275 1603 4344 prospiciunt.

985 4365 1084 4433 ingenii
1098 4362 1223 4436 quisquis'
1233 4364 1345 4419 festinus
1358 4364 1443 4419 tendit
1456 4365 1489 4420 ad
1501 4381 1618 4430 amnem,

1021 4457 1078 4511 Nou
1093 4464 1166 4525 putet
1178 4455 1343 4525 ambiguum,
1358 4456 1397 4511 sie
1410 4456 1487 4525 bibit,
1503 4466 1531 4510 ut
1544 4456 1626 4510 sitiat.

986 4550 1087 4604 Nobilis
1101 4550 1234 4604 occultum
1248 4546 1367 4604 condicit
1382 4547 1489 4618 lymplra
1503 4559 1637 4615 saporem,

1023 4640 1166 4710 Computat
1179 4648 1206 4694 ct
1216 4641 1354 4702 damnum,
1368 4638 1391 4693 si
1405 4639 1492 4692 nriuos
1506 4635 1568 4690 inde
1583 4634 1675 4689 ieram.

990 4730 1104 4786 lubrica
1118 4731 1247 4801 Cecropio
1260 4728 1398 4784 conlrdcus
1412 4727 1498 4798 lingua
1510 4726 1641 4781 cothrirno

1024 4824 1063 4878 Μ’
1072 4822 1156 4891 J'actct
1170 4823 1272 4890 priscos
1285 4820 1423 4874 nobilitate
1432 4832 1520 4873 senes.

988 4914 1016 4968 ln
1030 4921 1151 4968 rctcrutn
1166 4925 1268 4965 morem
1284 4909 1373 4978 pangit
1389 4921 1455 4962 nora
1470 4907 1589 4962 carmina
1603 4905 1728 4973 Faustus,

1022 5004 1073 5072 Qui
1088 5018 1136 5074 per
1152 5001 1271 5058 membra
1286 5014 1363 5055 suurn
1378 4998 1486 5054 desecat
1500 5006 1557 5053 arte
1573 4998 1667 5053 melos.

987 5097 1087 5152 [luctus
1101 5096 1134 5149 al
1147 5093 1269 5150 incudem
1281 5090 1360 5145 rerba
1375 5088 1533 5144 itrlabricata
1548 5088 1664 5153 relerrc3

1021 5188 1147 5258 Quosque
1160 5185 1220 5240 latit
1234 5198 1337 5249 uersus,
1354 5191 1446 5252 terque
1459 5191 1607 5251 quaterque
1622 5181 1726 5251 probat.

988 5320 1052 5376 moti
1064 5318 1295 5379 percussurum,
1307 5324 1330 5370 et
1342 5316 1423 5370 Lilitts
1432 5313 1555 5370 Giraldns
1565 5315 1691 5369 Faustum
1703 5314 1772 5368 bunc

987 5391 1058 5445 inter
1073 5391 1191 5444 illustres
1207 5387 1285 5455 liujus
1308 5387 1399 5441 sacculi
1418 5399 1510 5454 poetas
1523 5386 1697 5440 collocarunt.
1722 5382 1774 5436 Nc·

987 5477 1039 5529 que
1059 5463 1130 5515 onitu
1146 5461 1209 5519 stila,
1225 5459 1331 5526 opinor,
1347 5458 1406 5523 cios
1423 5456 1540 5510 cunina
1561 5454 1692 5512 siderant,
1711 5467 1771 5517 quio

987 5530 1058 5584 rrrrlia
1077 5536 1185 5583 exstant
1207 5537 1306 5596 preter
1323 5526 1464 5581 dsriclurm
1478 5524 1549 5593 qrrnd
1566 5521 1700 5576 Ennodius
1714 5522 1776 5586 epl-

988 5600 1143 5669 grttmmnlis
1155 5596 1212 5650 suis
1225 5598 1379 5651 irrseruitde
1395 5610 1455 5648 rum
1471 5593 1619 5660 Ligustico:

1049 5669 1075 5718 lu
1087 5666 1132 5777 Lii
1141 5678 1202 5715 «rum
1218 5668 1291 5716 turris
1304 5678 1411 5728 potorum
1423 5666 1463 5723 qui
1473 5669 1552 5731 uocat,
1565 5666 1638 5708 errat.

1132 5727 1221 5790 enquid
1234 5730 1285 5775 uiua
1297 5728 1358 5775 bibrl
1369 5727 1421 5773 nine
1431 5725 1518 5772 libens
1528 5716 1661 5785 urguemur

1024 5792 1033 5823 ⁸
1049 5782 1329 5853 discriminibus,
1346 5789 1424 5856 episi.
1440 5788 1469 5838 tt.
