4198 6254
142 325 214 439 tro

735 369 781 426 DE
793 362 1037 433 ,thmnttzrtctt
1055 362 1121 420 tib.
1141 362 1176 419 iia

1706 372 1802 431 titt:

140 506 242 557 serere,
253 505 313 560 quas
323 489 408 545 trihus
419 484 726 549 insumitis‘oauatitsta,
739 496 862 552 magnam
873 481 927 535 rim
944 477 1137 542 Aoctunarius
1148 463 1282 532 senario'm
1298 486 1418 547 superat,
1433 476 1514 536 idest
1528 491 1606 550 parte
1629 486 1717 553 tertio,
1730 505 1776 545 ω.

141 585 245 641 obtinet
260 585 284 637 iu
299 582 391 638 musici
414 578 601 636 modulaminis
615 577 836 644 temperamentis
860 585 887 630 et
902 575 927 628 in

141 675 323 748 speculatione
344 672 505 730 naturalium
530 670 718 740 quaestionum.
734 667 841 723 Etenim
866 682 929 735 per·

143 773 238 826 lectius
262 767 412 837 lrujtrsmudi
428 764 569 820 medietate
589 761 655 815 nihil
682 759 778 831 poterit
803 758 928 823 inveniri,

142 878 202 929 rrum
215 862 298 915 tribus
312 854 459 913 intervallis
475 853 619 925 producta,
632 849 818 925 perfectissimi
833 864 930 918 eorpo-

143 958 180 1009 ris
195 963 316 1007 nutrirem
332 944 559 1013 substantiamque
587 943 681 997 sortita
704 952 755 996 cst.
779 940 834 995 lion
857 939 930 995 enirn

143 1044 232 1108 titudo,
251 1042 348 1097 cubum
367 1049 474 1106 qaoque
493 1034 563 1119 trina
580 1032 750 1091 dimensione
768 1040 929 1100 crassatum,

144 1136 246 1202 plenam
261 1128 427 1185 harmoniam
446 1140 507 1183 esse
527 1124 749 1181 monstravimus
759 1123 827 1179 ttae
839 1116 939 1179 autem'

143 1221 292 1293 hujusmodi
305 1220 467 1287 inrerrietur,
482 1219 503 1277 si
513 1216 618 1273 duobos
634 1217 754 1271 terminis
767 1214 929 1280 constitutis,

142 1316 186 1386 qui
202 1312 250 1384 ipsi
265 1302 349 1367 tribus
364 1309 498 1366 creverint
512 1307 668 1373 intervallis,
681 1306 857 1377 longitudine,
871 1305 932 1360 lati·

144 1406 234 1461 tudine
249 1412 275 1459 et
286 1402 474 1472 profunditate,
497 1401 552 1455 dtto
564 1397 716 1468 huiusmodi
731 1396 836 1451 termini
851 1392 931 1449 medii

144 1497 242 1553 inerint
253 1494 400 1560 constituti,
413 1501 440 1548 ct
454 1491 502 1563 ipsi
518 1491 602 1546 trihus
616 1489 763 1545 interuallis
775 1487 874 1550 notati,
888 1484 933 1554 qui

147 1589 191 1645 rel
205 1587 240 1644 ab
252 1585 399 1657 aequalibus
423 1599 472 1653 per
497 1579 615 1652 aequales
637 1578 778 1650 aqualiter
800 1578 855 1633 sint
872 1589 934 1644 pro·

146 1681 231 1749 ducti,
241 1680 282 1735 sei
293 1679 328 1734 ab
342 1675 517 1746 inaequalibus
529 1673 563 1729 ad
576 1672 715 1743 itnrquaiia
730 1669 878 1741 aequaliter,
891 1666 933 1721 sei

982 570 1042 626 dem
1053 569 1209 625 duodenarii
1221 580 1305 639 parte,
1317 571 1472 627 octonarius
1486 578 1638 644 superatur.
1654 580 1775 646 Quatuur
1799 624 1801 627 ·
1873 602 1877 609 ’

982 665 1054 719 enim
1068 664 1165 735 quihus
1179 664 1332 721 octonarius
1351 679 1366 720 a
1385 666 1552 726 duodenario
1566 674 1694 744 vincitur,
1709 680 1775 735 duo·

982 756 1084 839 denarii
1100 757 1178 810 tertia
1204 770 1265 827 pars
1277 766 1328 813 est.
1346 756 1378 813 Et
1402 774 1425 813 st
1449 763 1634 821 extremitates
1646 767 1743 841 jungas
1760 774 1778 829 6

982 848 1087 903 scilicet
1099 854 1127 903 et
1139 846 1182 916 ts,
1198 862 1298 918 easque
1310 864 1358 918 per
1371 839 1539 909 octonarium
1555 857 1673 914 medium
1688 864 1777 919 molti·

983 939 1079 1009 plices,
1104 937 1154 993 ttt
1178 948 1251 997 suntr
1265 934 1379 1006 Quodsi
1399 956 1431 999 se
1452 945 1635 1004 extremitates
1649 951 1778 1020 multipli-

983 1035 1061 1095 cent,
1077 1042 1125 1085 ses
1135 1028 1238 1086 scilicet
1251 1040 1279 1085 ct
1292 1030 1337 1098 ts,
1359 1029 1459 1089 iaciens
1469 1033 1516 1101 ¹12,
1531 1051 1584 1107 quo
1597 1032 1711 1097 numero
1725 1042 1777 1099 iii

985 1120 1082 1191 duplus
1101 1130 1152 1176 est.
1168 1120 1394 1180 inrerriemusiric
1417 1140 1527 1198 quoqne
1551 1135 1786 1195 omoesmusieae
1883 1190 1886 1193 .
1934 1086 1937 1091 >

984 1211 1777 1293 ooosoouottasmuqoettmtentatieoonrpurau'aes·

984 1302 1137 1373 quiterliem
1158 1304 1356 1374 proportionem
1372 1304 1499 1374 reddunt,
1513 1320 1540 1367 et
1550 1310 1631 1368 simui
1646 1312 1778 1374 diatessar·

986 1410 1036 1451 ron
1060 1396 1274 1453 consonantiam.
1294 1397 1347 1454 Set
1360 1413 1425 1454 rero
1435 1399 1468 1457 ad
1484 1398 1501 1457 9
1516 1404 1558 1458 rel
1574 1403 1591 1460 8
1609 1404 1644 1461 ad
1655 1406 1689 1462 tt
1701 1423 1778 1465 com·

986 1487 1088 1555 parati,
1114 1487 1227 1543 redolent
1252 1489 1455 1560 sesquialteram
1481 1497 1704 1567 proportionem,
1731 1502 1779 1559 sed

986 1576 1110 1647 diapente
1130 1578 1327 1650 symphoniam.
1351 1583 1497 1639 Duodecim
1512 1600 1576 1641 uero
1590 1586 1625 1648 ad
1639 1594 1777 1648 senarium

987 1669 1148 1725 considerati
1174 1671 1308 1742 duplicem
1339 1677 1551 1747 proportionem,
1578 1679 1625 1735 sed
1650 1682 1779 1752 diapason

147 1773 180 1829 ab
202 1769 376 1842 inaequalibus
400 1768 434 1823 ad
450 1766 562 1837 aqualia
585 1764 734 1835 aequaliter,
759 1762 800 1816 rel
815 1758 935 1830 quolibet
987 1761 1172 1833 symphoniam
1188 1777 1296 1821 eanum.
1311 1752 1465 1827 oom'sero
1478 1777 1506 1826 et
1528 1769 1613 1842 dipel
1633 1784 1727 1833 contra
1741 1792 1779 1836 ‘se

147 1864 199 1919 alio
212 1861 302 1925 modo,
313 1870 393 1930 atque
412 1860 447 1914 ita
460 1873 521 1914 oum
536 1856 719 1911 harmonicam
735 1851 933 1922 proportionem
949 1851 1069 1914 limodii
1088 1854 1262 1923 considerati,
1276 1859 1426 1927 epogdoum
1439 1859 1565 1931 jungunt,
1579 1864 1624 1933 qui
1637 1865 1664 1920 in
1675 1870 1779 1925 musico

147 1952 370 2021 custodiantaiio
381 1962 469 2008 tamen
478 1948 558 2006 modo
566 1947 726 2018 comparati,
741 1945 840 2000 iaciunt
852 1943 936 1998 arith·
988 1945 1169 2004 mndulamine
1183 1959 1261 2006 tonus
1276 1960 1395 2020 rocatm,
1410 1969 1470 2023 que
1484 1956 1603 2017 omnium
1616 1958 1780 2018 musicorum

147 2047 271 2102 meticam
287 2042 470 2107 medietatem,
496 2039 592 2105 hisque
605 2036 768 2108 geometrica
795 2034 934 2104 medietas,
988 2051 1114 2093 sotiorum
1129 2054 1255 2096 mensura
1274 2043 1425 2099 eommunis
1438 2053 1489 2101 est.
1503 2045 1628 2102 Omnium
1642 2049 1714 2104 enirn
1738 2060 1781 2113 est

147 2154 209 2211 qote
218 2138 293 2194 inter
303 2147 433 2206 utrasque
457 2140 590 2199 versatur,
609 2132 705 2186 deesse
728 2143 781 2184 non
796 2128 892 2198 possit.
906 2126 936 2182 lo
986 2142 1071 2183 sonos
1085 2128 1136 2185 iste
1150 2132 1336 2201 parvissimus.
1353 2134 1429 2192 llnde
1445 2145 1536 2193 notum
1564 2138 1699 2209 estquod
1722 2111 1799 2196 dia·-

1 2241 2 2262 ¹
105 2300 109 2305 ν
148 2241 262 2303 quatuor
280 2231 352 2287 enim
369 2225 628 2289 terminissiiuerit,
641 2220 869 2297 quemadmodum
878 2218 936 2292 pri·
989 2229 1112 2276 lassaron
1121 2232 1152 2278 et
1164 2222 1292 2295 diapente
1301 2228 1547 2299 consonantiarum,
1562 2240 1641 2287 tonus
1655 2231 1781 2290 uiueren-

150 2338 210 2378 mus
223 2322 256 2378 ad
279 2319 437 2385 secundum,
461 2316 500 2373 sic
512 2316 607 2371 tertlrrs
625 2315 939 2384 aequarum-propar-
990 2310 1026 2365 tia
1051 2322 1102 2378 est,
1124 2314 1195 2369 stom
1216 2314 1287 2371 inter
1309 2318 1507 2390 sesqtntertiam
1526 2331 1554 2377 et
1576 2324 1780 2393 sesquialteram

151 2415 252 2469 tionum
267 2413 370 2467 ratione
383 2410 485 2466 scilicet
501 2408 644 2474 erastodita,
659 2405 821 2477 geometrica
837 2402 937 2458 medie·
990 2403 1191 2472 proportionem
1229 2407 1288 2463 sola
1308 2416 1350 2466 cst
1368 2412 1506 2482 epogdous
1533 2413 1694 2474 differentia.
1715 2417 1781 2490 Eius

151 2515 191 2562 ns
204 2504 365 2575 explicatur.
381 2501 414 2556 Et
434 2500 505 2571 quod
525 2499 677 2554 continetur
690 2496 740 2552 sub
758 2494 939 2553 cruentati·
990 2498 1080 2553 ablue
1092 2492 1295 2569 descriptionis,
1310 2500 1404 2557 subter
1418 2504 1555 2576 exemplar
1568 2508 1716 2578 adiecimus

152 2595 201 2665 bus
222 2606 327 2664 equum
349 2591 401 2646 erit
421 2590 446 2645 ei
461 2588 532 2660 quod
547 2588 597 2642 sub
611 2594 724 2657 utraque
741 2585 885 2642 medietato
905 2582 939 2638 ad

68 2684 74 2695 '
152 2686 308 2743 seinvicem
322 2683 496 2753 multiplicata
517 2679 669 2736 condeitur.
685 2678 800 2742 Rursus,
814 2676 839 2733 si
852 2675 940 2735 nast-

153 2791 213 2833 mus
225 2786 338 2847 quatuor
363 2773 538 2829 terminorum
554 2784 682 2826 numerus
696 2766 731 2823 ad
745 2756 807 2822 eum
821 2766 867 2837 qui
890 2764 941 2821 sibi

153 2868 372 2940 propinquasset
396 2865 474 2919 talem
499 2862 595 2917 habeat
619 2856 809 2924 differentiam,
834 2856 941 2924 qualem

154 2960 225 3015 idem
237 2970 299 3015 esse
310 2957 425 3012 maximo
441 2950 651 3025 propinquarat
674 2947 877 3020 parvissimum,
892 2946 943 3001 hu-

152 3049 270 3121 iusmodi
281 3049 416 3120 proportio
432 3048 458 3102 io
472 3045 639 3101 arithmetica
654 3039 872 3098 consideratione
880 3053 942 3109 pro·

153 3144 272 3214 ponitur.
289 3142 322 3197 Et
336 3149 519 3196 extremomtn
530 3134 685 3205 coniunctio
697 3132 796 3204 duplas
814 3128 868 3187 crit
881 3140 945 3200 pro·

152 3235 210 3306 pria
225 3231 379 3289 medietate.
395 3230 423 3288 st
435 3245 500 3286 reru
511 3229 582 3283 inter
595 3235 709 3300 quatuor
731 3227 776 3298 qui
791 3231 833 3281 est
846 3219 986 3288 tertiusss
1011 3243 1016 3254 ¹
1101 3258 1105 3265 «

155 3325 294 3391 terminus,
309 3338 386 3395 aqna
402 3330 476 3393 parte
491 3319 589 3392 quarti,
600 3327 724 3388 quartum
736 3312 881 3372 terminum
895 3330 942 3370 su-

153 3425 240 3488 peret,
256 3425 284 3472 et
295 3429 370 3489 aequa
391 3412 495 3486 primia
513 3404 599 3483 primo
618 3419 770 3480 superetur,
787 3396 957 3483 tormonteaj

153 3506 306 3577 hujusmodi
334 3505 472 3577 proportio
495 3502 677 3572 medietasque
704 3500 894 3575 perspicitur:
916 3507 944 3555 et

153 3598 225 3670 quoti
245 3599 397 3654 continetur
421 3594 472 3652 sub
495 3602 677 3655 extremorum
705 3587 893 3665 aggregatione
916 3574 958 3649 et'

153 3690 374 3761 multiplicatione
387 3685 554 3751 medietatis,
576 3683 674 3761 duplex
688 3692 731 3740 est
748 3698 781 3739 eo
800 3680 871 3754 quod
891 3679 943 3739 sub

154 3790 266 3854 utraque
283 3781 453 3839 extremitate
476 3776 624 3834 coniicitur.
641 3770 683 3832 Sit
695 3784 784 3831 autem
807 3773 956 3849 quoddam,

155 3875 234 3944 huius
248 3872 431 3943 dispositionis
443 3870 580 3941 exemplar
599 3868 649 3924 hoe
662 3866 755 3937 modo,
771 3865 798 3935 d,
814 3865 881 3935 8,9,
898 3863 942 3919 ta.

156 3964 211 4019 iias
226 3963 304 4034 igitur
318 3977 414 4018 omnes
427 3959 528 4016 solidas
550 3959 713 4033 quantitates
740 3972 800 4014 esse
817 3971 869 4012 non
893 3952 944 4009 du·

156 4056 229 4112 bium
243 4067 293 4111 est.
307 4054 359 4111 Set
375 4053 446 4110 enim
460 4061 604 4108 naseuntur
619 4066 652 4106 ex
665 4064 718 4106 uno
730 4048 771 4105 bis
788 4060 838 4117 ter,
851 4048 885 4104 ii
895 4063 956 4119 ao·⁴

156 4158 253 4203 temes
268 4147 309 4201 bis
319 4146 372 4201 don
387 4154 437 4202 ter.
446 4145 545 4223 tiorum
560 4154 648 4198 autem
657 4142 822 4208 medietates,
834 4149 944 4198 octona·

154 4237 211 4294 rius
222 4238 251 4293 tit
261 4238 345 4294 semel
357 4238 409 4297 duo
420 4244 523 4307 quater.
538 4233 703 4293 iioseuarius
717 4248 783 4290 sero
793 4232 877 4288 semel
890 4242 956 4313 tres,
1635 4298 1640 4307 ι
1737 4288 1739 4292 ,
1783 4212 1802 4305 ζ,

157 4341 209 4386 ter.
224 4330 323 4386 Omnes
344 4328 423 4398 igitur
438 4324 542 4382 termini
558 4322 663 4397 cognati
682 4324 745 4390 sibi,
760 4335 787 4382 et
802 4324 886 4380 tribus
901 4321 954 4405 ing
1774 4313 1780 4321 '

158 4422 326 4479 terrailurum
341 4416 555 4480 dimensionibus
579 4418 662 4475 notati
677 4428 749 4475 sunt.
764 4415 793 4473 in
809 4418 850 4473 iris
864 4417 945 4489 igitur

154 4513 318 4587 geometrica
347 4510 579 4584 proportionalitas
600 4509 745 4579 inuenitur,
773 4506 796 4565 si
812 4506 846 4564 ii
871 4510 905 4564 ad
927 4488 957 4566 8¹
1012 4494 1017 4503 ⁴

155 4604 196 4661 rel
211 4600 228 4661 b
242 4603 275 4660 ad
295 4604 313 4659 h
333 4618 529 4674 comparemus.
544 4598 663 4674 Utraque
686 4602 758 4658 enim
780 4580 988 4672 conparattoll

155 4698 330 4770 sesquialtera
357 4699 492 4767 proportio
514 4705 565 4765 est,
587 4692 700 4766 etquod
718 4694 873 4751 continetur
895 4694 946 4752 sub

155 4788 368 4855 extremitatibus
378 4788 448 4844 idem
463 4798 505 4845 est
518 4788 542 4844 ei
563 4787 633 4861 quod
647 4786 720 4843 iter
742 4785 846 4842 mediis.
863 4784 946 4841 Nam·

155 4894 208 4951 que
224 4879 294 4951 qood
309 4878 338 4934 ut
353 4892 386 4935 es
408 4877 554 4935 duodecies
571 4878 599 4946 6,
616 4892 720 4949 aequum
734 4885 776 4931 est
794 4876 819 4933 ei
831 4874 902 4946 quod
917 4858 955 4932 tr'

155 4972 189 5029 ei
210 4972 295 5029 octies
311 4970 335 5027 ‘ti
351 4988 357 5024 :
373 4972 536 5042 geotnetriea
551 4984 616 5041 ergo
631 4968 769 5040 proportio
793 4962 954 5038 hujusmodi

154 5076 211 5132 est;
227 5064 393 5121 arithmetica
409 5074 498 5122 sotem
519 5071 572 5131 est,
588 5064 609 5117 si
623 5059 805 5116 duodenarius
817 5060 848 5114 ad
864 5048 953 5116 note·¹

155 5160 271 5225 nerium,
296 5169 324 5215 et
345 5156 505 5214 novenarius
519 5152 552 5211 ati
567 5156 700 5221 senarium
720 5163 900 5224 comparetur.
918 5152 949 5210 ln

157 5250 276 5320 utrisque
286 5248 358 5305 enim
373 5248 505 5306 ternarius
517 5244 668 5301 differentia
682 5250 733 5319 est,
750 5250 775 5299 et
787 5243 885 5314 junctae
900 5228 955 5303 et·⁸

154 5342 304 5399 tremitates
318 5341 461 5398 medietate
482 5340 571 5410 duple
594 5344 665 5393 sttui.
682 5336 709 5391 Si
734 5336 805 5391 enim
827 5322 954 5405 junxeris

154 5437 291 5491 senarium
314 5444 342 5489 et
362 5432 502 5489 duodecim
527 5430 608 5485 iacies
623 5428 665 5497 tt,
688 5426 732 5499 qai
747 5435 787 5484 est
802 5424 952 5483 novenario
1021 5486 1025 5493 ,

153 5525 244 5583 medlo
267 5524 383 5581 terminu
409 5524 514 5593 duplus.
539 5518 566 5577 in
593 5518 637 5575 his
656 5534 719 5592 crgo
755 5504 956 5592 geometricam*

153 5618 407 5687 arithmeticamque
420 5615 589 5670 medietatem
612 5614 805 5683 perspeximus.
819 5612 868 5667 liic
880 5624 948 5681 quo·

153 5728 207 5782 que
232 5710 384 5765 harmonica
409 5705 541 5763 medietas
562 5706 703 5769 inuenitur,
728 5705 749 5758 si
776 5702 809 5756 ii
826 5704 858 5757 ad
888 5703 949 5757 itet
1000 5688 1487 5752 ertremttatosjoouaeaonovenarium
1502 5685 1607 5739 medium
1625 5685 1706 5753 tiuhi&
1723 5692 1790 5765 ,⁸¹¹ss-

154 5794 248 5860 rursrtt
261 5802 278 5857 t
291 5801 327 5856 att
337 5800 356 5857 6
367 5806 566 5868 compatronus.
580 5797 636 5862 Quia
660 5796 732 5849 enirn
757 5802 831 5863 parte
846 5790 947 5848 senarii

1191 2771 1408 2836 Propoetinnalitas
1421 2784 1581 2841 geometrica.

1205 2874 1380 2940 sesquialteras
1390 2885 1568 2944 proportiones.

1013 4118 1017 4123 ,
1086 4026 1693 4129 Ειιιιωοιιιωιιιιᾱιοηωιιιιοωπιιιρὶιαῑίωκ.
1792 4102 1803 4131 a
1907 4080 1908 4087 ’

1194 4380 1410 4451 Proportnoalitas
1429 4386 1591 4439 mmmettoa.

1272 4482 1425 4538 bidereuttn
1436 4487 1553 4549 equales.

1607 4586 1615 4597 κ

1697 4750 1700 4757 t

1531 4589 1547 4634 ὅ

1516 4784 1608 4841 fx

1197 4588 1497 5041 Α)
