4188 6266
339 322 392 382 uit

654 324 824 382 trunonis
845 329 891 384 nb
909 328 1031 389 tronus
1050 331 1095 388 DE
1114 330 1378 391 constitutionis
1399 330 1645 390 tuttosurtttm.

1926 333 1982 391 976

533 435 696 489 cernentem
707 441 888 503 muniturcora
898 443 1036 507 pecuniam,
1140 449 1167 511 Α
1240 444 1470 511 Albaneodssyrlo
1480 444 1759 498 tucaturtomaeaenor

401 496 567 562 Malorumque
578 497 663 549 limos.

321 560 327 585 ¹
613 578 645 635 tn
664 578 808 638 nurnuu
824 582 856 638 u.

325 664 330 677 '
372 671 485 728 Carmen
506 679 547 726 est
562 671 732 738 monocoton.
751 673 952 743 anapaesticum
972 674 1126 743 partbenia·

338 777 409 828 crim,
422 761 577 827 dimetrum,
590 763 784 819 catalecticum.
802 763 836 819 ln
858 766 943 836 prima
962 776 990 822 et
1006 767 1125 824 secunda

338 852 446 923 regione
465 863 641 923 anapaestum,
661 854 756 927 recipit
776 865 804 912 et
817 856 983 929 ¹spondeum,
998 860 1025 915 in
1048 861 1124 917 tertie

337 942 424 998 solum
445 952 618 1013 anapaestum,
639 952 731 1013 postca
750 954 873 1016 superest
895 947 1007 1018 syllaba.
1032 948 1125 1006 Simile

337 1042 379 1089 cst
397 1033 459 1089 illi:

461 1122 564 1187 tldytnm
574 1122 678 1174 Veneris
689 1120 758 1188 tone,
768 1125 845 1189 uirgo.

338 1205 441 1263 Laudat
462 1217 552 1263 autem
573 1222 662 1264 mores
683 1209 771 1264 utatis
794 1210 909 1278 primae,
935 1224 1016 1281 tynam
1040 1220 1125 1280 poetar

337 1296 373 1352 ob
395 1312 500 1352 morum
524 1300 706 1368 prestantlam
727 1308 755 1356 et
777 1301 889 1356 uirtutes
912 1316 1021 1357 auream
1046 1317 1126 1359 voca·

337 1398 454 1456 verunt,
470 1389 550 1459 idque
568 1389 595 1443 ln
616 1391 735 1447 avaritiae
746 1392 897 1448 mortalium
909 1392 1125 1460 detestationem.

336 1493 395 1550 qum
404 1493 540 1549 nuuqoam
551 1480 642 1536 satiari
655 1488 752 1550 potest.

372 1570 460 1644 Prior]
479 1571 579 1639 Prima,
592 1572 626 1628 de
640 1587 690 1642 uua
710 1572 813 1644 legatur
833 1572 859 1627 iu
879 1574 966 1642 primo
981 1574 1125 1630 blotamor·

336 1663 462 1736 pboseos.
474 1664 548 1720 blano
560 1663 587 1720 in
598 1662 745 1735 Georgicis,
755 1674 784 1718 et
792 1662 922 1719 Tibullus.

371 1755 460 1827 AEtos]
474 1755 690 1813 subaudiendum
707 1756 766 1823 [uit.

1214 528 1325 585 Somnos
1344 527 1479 600 edomet]
1505 527 1624 589 Salutem
1643 537 1847 584 conterrentes.
1868 529 1983 585 allodia

1178 630 1267 676 autom
1276 620 1495 690 adfflmedioinales
1512 621 1620 678 nerbas.
1634 619 1727 677 Potest
1737 629 1766 678 et
1777 620 1900 677 salubris
1909 621 1983 692 legi.

1179 710 1272 768 Hm·
1451 801 1843 865 llollesnoesobsrborssonrnl.

1205 883 1348 956 dubbini
1361 884 1468 952 Finem,
1482 885 1598 941 mobilis.

1211 973 1282 1047 Atto]
1297 975 1444 1031 Proluntla.
1456 975 1578 1031 bibullus
1591 992 1600 1028 a

1238 1065 1350 1116 Nondum
1361 1065 1481 1116 cornieas
1490 1067 1563 1128 pinus
1573 1071 1755 1128 contempserat
1767 1065 1857 1128 untias,

1268 1126 1376 1176 Etlusum
1385 1128 1466 1177 ventis
1478 1128 1670 1189 praebueratque
1681 1129 1775 1177 sinum:

1237 1185 1858 1250 Neonapusipnottsrspetenscompeodtatesrrs,

1268 1248 1396 1298 Pressemt
1407 1256 1512 1298 externa
1524 1249 1606 1300 nantta
1615 1259 1700 1300 merce
1709 1255 1799 1299 tatem.

1214 1328 1343 1400 Undique]
1353 1329 1432 1385 Omni
1446 1345 1481 1386 ex
1496 1338 1581 1400 parte.

1213 1418 1308 1492 ucria]
1318 1419 1455 1476 collectis.
1810 1486 1817 1491 ,

1213 1509 1288 1564 Noto
1306 1510 1394 1564 littore
1407 1509 1504 1564 uideret
1516 1507 1618 1581 basma]
1638 1509 1716 1566 ovid.
1737 1528 1745 1566 a

1236 1597 1358 1663 llullaqtte
1370 1597 1483 1650 montes
1491 1606 1585 1663 praeter
1595 1612 1641 1651 sna
1650 1600 1732 1652 littora
1741 1605 1840 1652 norant

1211 1678 1296 1750 Pane]
1310 1681 1339 1736 ln
1353 1695 1434 1736 aurea
1443 1688 1532 1736 state.

1135 1787 1164 1848 Β
1210 1767 1325 1823 Classico
1334 1767 1411 1839 suno]
1422 1766 1611 1840 Tubaquibus
1621 1770 1685 1826 sort
1696 1770 1794 1827 milites
1805 1770 1832 1825 in
1842 1770 1970 1840 praelium

370 1846 506 1903 Fideiibua
516 1845 594 1918 ornis]
613 1847 679 1914 Qun
693 1847 842 1918 depositum
861 1861 953 1903 semen
967 1844 1082 1902 fideliter
1098 1855 1126 1901 et
1143 1852 1144 1855 ’
1175 1857 1338 1912 excitantur,

337 1957 397 1997 cum
417 1943 508 1999 tenore
529 1942 656 2000 reddunt.

371 2032 467 2106 nanti]
491 2033 618 2089 nannoni.

371 2122 448 2195 Sero]
462 2124 589 2180 binturna
603 2132 630 2180 et
645 2124 673 2181 in
690 2122 982 2207 reaperam'dnramia.

371 2214 489 2288 Solvere]
508 2215 653 2287 Frangere.

371 2298 481 2378 Glande]
500 2305 565 2362 Nam
585 2315 646 2361 ante
662 2305 785 2363 immenti
800 2305 980 2361 intentionem
995 2303 1123 2359 mortales

337 2396 477 2468 glandibus
496 2395 691 2462 uescebantnr;
714 2395 786 2451 unde
804 2395 915 2451 lividius
936 2411 943 2446 :

396 2484 561 2547 manentique
570 2486 632 2535 cibis
643 2484 709 2534 nollo
720 2492 827 2548 cogente
836 2485 936 2542 creatis,

396 2546 519 2597 Arbuteos
529 2545 602 2603 letus,
613 2543 854 2606 montanaqnn‘lraga
865 2541 992 2605 legebant.

395 2605 524 2668 Cornaque
536 2613 562 2655 et
572 2608 597 2655 io
607 2606 676 2655 duris
691 2605 809 2654 borenna
821 2617 887 2654 tnora
899 2606 1004 2663 montis,

397 2666 428 2718 Et
437 2678 492 2731 qus
502 2666 646 2719 deciderant
657 2666 738 2729 patula
750 2666 818 2717 luris
828 2666 916 2715 arbors
926 2664 1038 2729 glandes.

370 2751 497 2808 Bnecbiou
510 2748 627 2821 munero]
643 2749 719 2805 ilua.

371 2838 467 2912 Norat]
491 2840 615 2917 Noverat.
631 2838 742 2906 sciebat,
758 2838 842 2909 perita
860 2845 928 2894 erat.

370 2930 543 3005 Consentiunt]
566 2931 686 2988 llisccre.

371 3023 460 3097 idolii]
480 3023 521 3079 Er
533 3024 596 3079 elno
609 3031 637 3080 et
649 3023 729 3080 melle
741 3020 883 3079 conicitur
895 3021 1011 3093 potionis
1027 3035 1122 3093 penus,

336 3113 405 3187 qnod
421 3113 514 3170 latine
528 3113 627 3170 dicitur
640 3113 768 3180 mulsum,
780 3111 873 3170 Graece
883 3114 1045 3189 μελίκρατον.
1135 3133 1160 3198 C

370 3201 480 3273 Lucida]
499 3200 629 3258 Candida.

370 3289 473 3365 Serum]
495 3293 526 3347 lli
537 3293 626 3362 populi
637 3301 700 3348 sunt
708 3292 780 3349 Asiae
791 3293 934 3365 Scythicae,
945 3293 979 3349 de
989 3292 1086 3364 qttssttts
1098 3293 1124 3349 itt

336 3383 472 3453 Gourgicis
487 3391 583 3452 pren:
984 3407 986 3413 π

390 3472 618 3536 -llelleraquelolils
628 3475 761 3539 depectant
771 3477 855 3526 lunula
865 3487 944 3526 seres.

333 3554 442 3612 Solinus
455 3570 464 3609 a
480 3552 560 3610 Seres
572 3570 702 3624 aquamm
718 3556 860 3627 aspergine
869 3555 1006 3623 inundatis
1019 3554 1124 3613 lroudi·

333 3646 396 3712 bns,
410 3646 510 3701 aettoro
525 3644 652 3701 arbomna
669 3645 833 3703 adminiculo
844 3648 989 3717 depectunt
999 3647 1121 3718 liquoris,

333 3747 361 3792 et
376 3734 506 3807 lanuginis
527 3742 646 3790 teneram
668 3736 861 3793 sublimitatem
879 3736 994 3794 humore
1012 3738 1124 3795 domant

263 3856 267 3859 Δ
333 3827 367 3884 ad
378 3825 547 3896 obseouium.
561 3825 616 3881 lloc
630 3825 694 3882 illud
709 3837 750 3881 cst
761 3826 888 3892 sericum.
902 3828 930 3882 ln
944 3841 1021 3883 usum
1036 3828 1123 3898 publi·

333 3932 395 3974 cum
412 3915 510 3973 damno
522 3917 673 3973 seueritatis
694 3914 841 3971 admissum
853 3954 862 3981 ,
875 3924 903 3971 et
920 3928 974 3988 quo
982 3925 1123 3973 ostentare

333 4009 420 4078 potius
436 4022 549 4079 corpora
572 4023 652 4078 quam
670 4008 790 4072 restire,
805 4006 893 4077 prbrio
912 4007 1037 4073 leminis,
1052 4023 1123 4064 nunc

332 4097 411 4156 ctiam
422 4098 487 4153 siris
497 4099 629 4168 persuasit
639 4096 751 4153 luauriee
759 4098 852 4154 libido.
863 4098 943 4155 Seres
953 4098 1004 4168 ipsi
1014 4099 1122 4167 nuidcm

332 4190 411 4245 mites
420 4197 448 4245 et
462 4188 532 4244 inter
541 4201 572 4242 se
582 4188 751 4257 quietissimi,
764 4188 832 4245 alios
844 4190 1008 4259 reliquorum
1022 4200 1122 4245 morta·

332 4281 396 4336 lium
409 4289 495 4336 cretus
509 4276 644 4347 refugiunt
664 4276 753 4345 aden,
773 4286 802 4333 nt
820 4287 979 4334 caemrarum
1002 4277 1121 4349 gentium

312 4360 639 4431 ‘communicabamus
662 4369 780 4427 Primttm
801 4384 895 4443 eorum
917 4370 1027 4426 borium
1049 4385 1122 4427 mer·

1213 1943 1350 2016 lambunt]
1378 1942 1437 1999 Non
1462 1943 1634 2000 resonabant.
1661 1944 1829 2012 Classicum,
1858 1957 1971 2005 auctore

1174 2032 1277 2096 lertio.
1292 2042 1347 2088 tarn
1360 2033 1451 2090 tubam
1466 2033 1569 2104 ipsam,
1585 2047 1664 2104 qnam
1679 2036 1738 2104 eius
1750 2036 1870 2092 sonitum
1883 2038 1969 2109 signi·

1163 2119 1246 2177 vocor.
1261 2120 1333 2177 llaro
1351 2139 1358 2175 :
1645 2138 1647 2143 ·

1235 2208 1355 2259 Necdum
1367 2210 1441 2259 etiam
1452 2211 1582 2263 audierant
1594 2212 1673 2260 inllarl
1684 2211 1793 2270 classica,
1808 2215 1929 2267 necdum

1235 2269 1364 2331 lmposltos
1374 2271 1443 2319 duris
1452 2274 1574 2335 crepitare
1586 2273 1716 2323 incudibus
1726 2287 1811 2323 enses.

1210 2345 1967 2422 Humido]‘lerribitia,borroremincutientia‘libultus:

1235 2442 1288 2494 tlon
1300 2444 1377 2505 acies,
1389 2456 1438 2493 non
1449 2446 1484 2493 tra
1495 2443 1549 2505 luit,
1560 2454 1609 2495 non
1620 2444 1696 2505 botta,
1703 2459 1755 2497 nec
1766 2454 1850 2508 emus,

1268 2503 1358 2554 immiti
1368 2511 1448 2556 saeubs
1457 2505 1563 2557 duxerat
1573 2512 1628 2557 arte
1637 2506 1717 2558 laber.

1211 2583 1280 2649 Quid
1286 2583 1372 2656 enim]
1385 2584 1451 2654 Gur,
1463 2595 1576 2656 propter
1593 2586 1668 2658 qnid.

1211 2673 1423 2748 Utinamibptat
1442 2677 1566 2749 antiquos
1586 2688 1694 2746 mones,
1706 2688 1735 2734 et
1746 2678 1868 2750 priscam
1887 2681 1967 2741 illaar

1174 2766 1332 2824 mortalibus
1341 2768 1404 2824 itta
1418 2767 1599 2838 integritatem
1612 2768 1699 2825 reddi.

1210 2855 1304 2930 AEtno]
1317 2858 1413 2915 blontis
1432 2858 1531 2915 Sicilia
1547 2869 1677 2935 perpetuo
1686 2860 1806 2918 ardentis
1824 2862 1965 2933 itinerariis,

1172 2944 1210 3002 tle
1223 2962 1277 3013 nuo
1290 2945 1417 3017 Virgilius
1430 2962 1449 3004 rt
1463 2965 1471 3015 ;
1487 2949 1648 3006 Claudianus
1661 2949 1755 3006 multa.

1207 3036 1290 3093 Amor
1303 3031 1422 3111 iubendi]
1440 3040 1569 3095 Avaritia.
1583 3040 1692 3096 Ouidius
1707 3058 1714 3093 :

1481 3130 1513 3180 Et
1524 3143 1592 3180 amor
1602 3129 1741 3181 sceleratus
1752 3132 1870 3182 labendi.

1212 3208 1273 3265 Heu
1284 3210 1456 3282 primusque,
1462 3206 1513 3280 foti
1527 3210 1581 3284 ille]
1596 3212 1756 3268 llasocratur
1768 3214 1828 3273 auri
1841 3214 1966 3271 intento·

1175 3314 1243 3366 rem,
1256 3300 1326 3356 sicut
1340 3300 1464 3357 Tibullus
1474 3315 1630 3358 armorum:

1236 3393 1297 3453 Quis
1308 3391 1354 3444 luit
1364 3393 1500 3444 horrendos
1512 3396 1603 3457 primns
1612 3369 1766 3458 nniprotnlit
1777 3395 1876 3447 ensosl

1267 3455 1344 3514 Quam
1355 3455 1433 3513 leros,
1445 3463 1471 3505 et
1482 3468 1542 3505 reru
1554 3455 1653 3506 terreus
1664 3456 1706 3507 llle
1719 3456 1773 3508 brit.

1209 3537 1273 3592 nuri
1283 3536 1352 3609 tecti]
1363 3538 1391 3593 ln
1403 3546 1481 3594 terroe
1492 3539 1613 3595 cauernis
1623 3540 1817 3609 delitescentis,
1828 3540 1900 3610 qnod
1910 3554 1966 3594 non

1175 3629 1226 3686 nisi
1239 3630 1363 3685 maximis
1380 3629 1516 3687 laboribus
1533 3630 1645 3686 eruitur.
1657 3631 1696 3685 lle
1716 3631 1794 3699 eujus
1811 3630 1967 3685 iurentiona

1173 3721 1196 3776 sl
1210 3720 1315 3792 placet,
1329 3719 1391 3776 ride
1405 3719 1569 3775 anretidrn.
1585 3720 1695 3776 Ovidius
1709 3735 1718 3774 a

1233 3811 1347 3862 ldrurmni
1358 3816 1424 3860 terra
1435 3809 1538 3859 solidum
1550 3822 1594 3873 pro
1605 3809 1717 3873 irngibus
1729 3822 1825 3861 aumm.

1264 3871 1377 3924 Possidet
1387 3873 1500 3923 inventas
1510 3873 1632 3933 sunguine
1643 3870 1715 3923 mdes
1725 3883 1797 3935 opes.

1209 3952 1341 4106 Ριὲἕιιῗεο
1351 4054 1436 4093 aurum
1446 4057 1454 4094 ε
1464 4043 1541 4096 multu
1551 4043 1634 4097 roultls
1644 4041 1712 4108 sepo
1722 4045 1800 4096 suasit
1811 4054 1953 4109 perperene

1208 4125 1431 4279 muslinse-soleii
1441 4228 1501 4266 auro
1511 4209 1587 4269 mitit
1597 4216 1702 4269 subesse
1713 4214 1787 4268 mala.

1209 4296 1365 4368 Propertius
1378 4314 1385 4353 :

1234 4411 1328 4461 Aurum
1339 4423 1434 4472 omnes,
1447 4412 1569 4473 vistulam
1580 4413 1685 4475 pietate,
1697 4410 1792 4471 colunt.

330 4476 436 4524 catores
445 4465 497 4537 ipsi
507 4470 656 4531 transeunt,
668 4463 694 4518 in
706 4462 782 4535 cujus
794 4462 857 4532 ripis
875 4461 950 4518 nullu
964 4462 1121 4532 interpretis
1132 4488 1161 4548 ,D
1233 4472 1301 4522 nnio
1312 4471 1380 4534 pulsa
1394 4472 1463 4534 tides,
1475 4484 1537 4522 auro
1548 4473 1644 4523 venalia
1654 4476 1718 4536 jnra.

331 4554 428 4628 lingum
451 4556 633 4623 commercio,
652 4553 702 4612 scd
721 4553 903 4623 depositarum
923 4567 1013 4609 rernm
1035 4555 1120 4623 pretia

330 4646 416 4704 oculis
428 4646 607 4712 osttnontes.
620 4658 669 4700 sua
689 4641 809 4709 tradunt,
829 4652 922 4699 nostra
944 4659 995 4699 non
1015 4653 1118 4700 emunt.

331 4737 466 4793 llactenus
482 4736 538 4791 ille.
550 4734 699 4806 Singularis
712 4734 792 4806 liujus
803 4734 929 4791 dictionis
943 4734 1121 4792 nominativus

331 4837 381 4895 cst,
397 4828 459 4886 Ser.
472 4827 620 4885 Sidonius:

392 4914 505 4980 sinnius
514 4926 636 4979 gemmas,
646 4915 694 4967 Ser
705 4912 810 4979 tubera,
823 4915 894 4966 tliura
904 4915 1013 4967 sabaeus

331 4998 466 5056 Ausonius
478 5016 486 5053 a

390 5086 444 5138 lain
457 5086 545 5152 pelago
556 5087 640 5138 uolitat
650 5094 768 5138 mercator
779 5087 906 5139 restilistis
915 5086 972 5137 Ser.

1264 4532 1356 4582 Aurum
1369 4532 1412 4583 lea
1421 4533 1544 4596 sequitur,
1557 4545 1614 4582 mox
1626 4537 1681 4584 sine
1693 4533 1751 4595 lege
1758 4531 1849 4613 pudor.

1173 4633 1342 4703 Phocylldcs,
1357 4634 1504 4704 interprete
1516 4634 1585 4689 tldo
1597 4635 1714 4689 llnnutio
1726 4650 1734 4684 ι
1747 4632 1868 4689 Auaritic
1879 4643 1964 4688 mater
1996 4619 2004 4629 ’

1173 4723 1282 4780 malitis
1297 4724 1439 4781 uniuersae.
1467 4728 1569 4779 iturum
1592 4739 1700 4795 semper
1717 4723 1793 4779 dolus
1807 4733 1850 4779 est
1872 4734 1900 4779 et
1920 4738 1964 4778 ar·

1172 4821 1280 4882 pentum
1304 4813 1459 4869 bominibus
1481 4811 1527 4869 :0
1550 4828 1646 4868 surum
1669 4813 1800 4868 malorum
1821 4813 1962 4882 princeps.

1174 4902 1325 4973 tltiperda.
1348 4903 1438 4958 omnia
1462 4903 1594 4957 tninnens.
1612 4902 1718 4958 Utinam
1737 4916 1789 4957 non
1805 4902 1964 4957 mortalibus

1173 5005 1248 5048 esses
1272 5000 1460 5047 nocumentum
1483 4991 1607 5045 amabile.
1635 4992 1691 5046 lna
1711 4991 1783 5048 onim
1809 5004 1891 5045 carisa
1918 5006 1963 5061 pn·

1176 5093 1299 5149 piraque,
1310 5079 1472 5149 praedaeque,
1488 5080 1639 5150 monne.
1655 5080 1755 5135 inimici
1769 5092 1835 5134 tero
1851 5077 1899 5133 tilii
1919 5093 1964 5147 pa·

328 5158 500 5227 ¹Vermiculns
511 5179 538 5226 et
552 5170 609 5240 ipse
626 5170 670 5240 (ιιι
681 5177 776 5226 anotur
787 5179 829 5225 est
842 5169 997 5240 Pausanias)
1017 5182 1063 5224 ser
1074 5183 1122 5240 ap·
1177 5169 1308 5237 rentibus,
1317 5169 1464 5239 fratresque
1482 5167 1635 5225 Germanis.
1648 5168 1961 5225 biodurusSieuluslibro

332 5262 455 5333 pellatur.
831 5330 835 5339 ὓ
1178 5268 1257 5315 sexto
1270 5260 1304 5315 de
1325 5260 1417 5316 insulis
1427 5260 1583 5316 Balearibus
1596 5259 1653 5317 baec
1667 5260 1803 5316 memorie
1822 5258 1960 5329 prodidit:

365 5350 562 5425 Pyriouenmol
574 5351 711 5424 Purpura,
730 5367 868 5425 purpureo
888 5351 1000 5422 liquore.
1022 5351 1121 5422 Tyrus,
1177 5356 1267 5409 nureo
1284 5369 1393 5409 nummo
1406 5363 1451 5409 aut
1465 5362 1575 5424 argento
1587 5368 1640 5409 non
1651 5362 1785 5418 utuntur,
1802 5366 1862 5421 qus
1875 5350 1961 5407 alieni

333 5445 397 5501 urbs
410 5454 452 5502 est
464 5444 670 5510 Plrmniciao‚'ttbl
681 5444 780 5516 optima
791 5455 833 5502 est
847 5443 1122 5517 porpum.,lcnetrunt
1174 5442 1208 5499 ad
1229 5442 1343 5497 insulam
1363 5443 1505 5511 probibent
1519 5456 1627 5500 causam
1643 5440 1796 5499 afferentes.
1809 5440 1961 5513 Geryonem

293 5560 297 5569 ¹
332 5550 382 5606 pro
399 5537 489 5594 colore
504 5537 621 5606 ponitur,
636 5550 670 5591 eo
687 5534 760 5608 qnod
777 5535 924 5592 restomlta
938 5542 1124 5606 percurratur
1173 5532 1319 5604 chrysaori
1335 5532 1418 5587 lilium
1436 5539 1502 5587 a'nro
1513 5542 1593 5602 atnoe
1607 5539 1718 5603 argento
1730 5529 1960 5602 opulentissimum

332 5638 465 5683 venenum
485 5638 592 5692 corpus.
615 5623 679 5678 llam
699 5624 787 5685 batini
810 5626 838 5681 id
861 5639 991 5682 uenenum
1013 5632 1121 5691 oomni,
1174 5626 1306 5696 qttondam
1323 5625 1356 5681 ad
1377 5625 1492 5681 liereule
1510 5625 1787 5693 bclloexpugnatum.
1802 5620 1961 5675 Existimant

333 5714 403 5780 nnod
414 5715 498 5770 Gruci
510 5718 649 5784 φάρμακον.
662 5715 789 5784 tinnitos
804 5734 811 5773 ι
1172 5715 1245 5770 enirn
1257 5727 1289 5770 eo
1300 5724 1388 5784 pacto,
1399 5730 1459 5770 cum
1472 5728 1538 5771 auro
1550 5724 1629 5785 atque
1639 5719 1751 5783 argento
1764 5720 1888 5771 careant.
1903 5722 1960 5764 sess
