4274 6254
134 373 188 430 stul
702 367 956 427 uttotltcuttssuu
976 366 1188 426 caraussii.
1717 363 1769 419 bit

132 486 233 541 tissima
244 500 351 557 queque
360 484 440 540 culpis
452 492 569 554 prompta
585 482 735 538 reddiderit.
752 482 840 552 lieqrce
851 497 912 535 sero
925 483 1046 536 selectum
1060 496 1146 535 ιιιιιιιι
1166 479 1272 550 aliquod
1284 492 1463 549 arqumerrunt
1478 478 1593 532 oratioue
1609 484 1768 530 roirrectutus

132 586 184 639 est,
200 574 246 628 sed
259 574 424 645 philosophiae
436 570 575 642 penetru'ia
588 571 725 640 inqressus,
740 585 770 624 es
784 568 884 623 Latinis
894 569 1040 624 ltom'uibus
1055 569 1152 639 primus
1166 567 1301 633 reserarit,
1316 582 1374 636 que
1385 567 1500 636 princeps
1524 565 1671 621 Aristoteles
1682 566 1715 619 de
1728 565 1768 619 in-

99 660 105 665 ’
132 665 232 720 dustria
245 662 362 736 pluribus
375 663 552 716 occultaverat.
571 660 628 729 Qua
643 661 670 714 iu
681 678 709 715 re
723 662 832 724 opimos
841 676 954 733 quosque
963 661 1101 725 consuluit,
1113 659 1319 732 Theophrastum
1329 659 1395 714 dieo.
1411 656 1563 723 Eudemum,
1578 656 1764 719 Andronicum,

133 755 280 822 Aspasium,
293 750 457 817 llerminum,
472 751 658 814 Alexandrou,
673 749 828 820 Syriarum,
848 748 1031 819 Porphyrium,
1044 747 1224 810 Themistium,
1240 749 1273 801 de
1286 762 1393 815 quorum
1403 747 1544 810 seuteusiis,
1559 756 1678 813 tanquam
1688 744 1769 799 hono·

133 844 218 897 rarius
228 841 333 904 arbiter,
345 840 483 911 diiudicat.
497 840 637 894 Attestatur
652 838 699 892 hoe
712 839 839 908 expositio
852 838 879 892 in
895 837 989 891 librum
1004 838 1149 894 Aristotelis
1160 839 1192 892 de
1204 836 1387 892 Enuntiatioue
1404 847 1457 890 lam
1475 837 1557 906 priora
1584 836 1681 889 duobus
1696 850 1770 905 quam

133 934 246 987 ιιιιιιιι
254 948 300 988 sea
315 932 387 986 libris
398 931 526 993 absoluta,
541 930 566 981 iu
581 944 691 996 quorum
700 929 773 983 tertio
784 944 842 984 sum
855 930 887 982 de
899 931 981 982 tribus
991 930 1190 1000 continpentiuns
1203 930 1287 985 modis
1297 945 1324 983 se
1335 929 1428 983 urelius
1440 928 1570 998 scripsisse
1577 929 1646 982 dicat
1659 930 1685 982 in
1698 930 1770 985 libris

136 1024 258 1096 ptpdctu,
270 1023 455 1094 suspicandum
468 1022 570 1092 reliquit
584 1036 611 1074 se
622 1021 766 1074 naturalem
777 1036 878 1091 quoque
895 1019 1088 1090 philosophiam
1106 1019 1262 1086 enucleasse,
1278 1036 1365 1074 surum
1382 1019 1504 1073 hactenus
1517 1029 1567 1073 tam
1583 1019 1609 1073 tu·
1623 1018 1773 1073 desiderare

133 1124 176 1169 tur
189 1115 374 1180 commentarii,
390 1115 447 1168 licet
460 1113 555 1182 luerint
570 1110 720 1167 Tarvisium
732 1109 792 1165 hiuc
803 1127 881 1182 nuper
895 1112 1032 1180 asportati,
1043 1127 1119 1182 quam
1133 1112 1173 1165 illi
1183 1128 1246 1182 quos
1259 1112 1284 1165 in
1299 1112 1382 1181 ilnalq
1394 1111 1450 1166 icen
1462 1124 1484 1165 ιι
1496 1110 1603 1183 Topiceu
1618 1112 1712 1165 ernisit.
1728 1110 1771 1167 Si·

137 1207 239 1276 quidem
253 1214 278 1257 ιι
292 1204 338 1257 ltos
352 1202 406 1273 ipse
417 1204 487 1265 citat,
499 1214 522 1256 et
537 1202 563 1254 iu
579 1202 647 1272 topic
657 1218 690 1254 ιιιι
708 1197 837 1257 Ciceronis
850 1210 946 1263 sepiem
962 1202 1042 1256 libros
1059 1218 1075 1257 ιι
1096 1218 1122 1256 ιι
1140 1203 1269 1269 corriuclos
1282 1204 1428 1271 profitetur,
1442 1220 1506 1268 opus
1526 1205 1641 1270 uarium,
1656 1204 1768 1273 difficile,

138 1299 273 1360 cruditum,
287 1310 360 1348 neca
376 1309 504 1365 quoquam
517 1307 594 1347 arrtea
608 1294 685 1361 quoru
698 1309 714 1344 a
728 1289 860 1345 Victorino
876 1295 973 1360 frustra
994 1298 1130 1345 lentatum.
1148 1289 1266 1344 Platonis
1279 1292 1394 1363 diuloqos
1407 1295 1461 1362 ipse
1474 1291 1581 1347 latinos
1601 1297 1729 1364 {acturum
1744 1309 1772 1346 ιι

137 1387 239 1457 recepit,
249 1386 331 1456 lacto»
346 1385 512 1441 Cassiodorus
526 1397 664 1447 assereret,
679 1381 789 1435 mirarer
800 1380 931 1452 quemodo
945 1390 1017 1433 tantu
1032 1390 1154 1450 ριιιιιιιιι
1165 1385 1285 1451 potuerit,
1301 1385 1350 1438 nisi
1366 1384 1453 1438 disiua
1465 1383 1512 1438 ilia
1525 1385 1552 1439 tu
1567 1383 1660 1439 librum
1674 1387 1772 1440 usuu-

139 1482 192 1533 telis
205 1479 237 1534 de
246 1476 463 1545 interpretatione
472 1475 653 1532 commentaria
667 1472 768 1528 biennio
782 1472 874 1527 scirem
888 1471 922 1524 ab
932 1485 961 1523 eo
973 1472 1102 1541 conlecm,
1115 1473 1184 1541 quod
1207 1486 1306 1542 tempus
1326 1475 1369 1529 uic
1380 1474 1526 1531 euolonrdis
1538 1484 1574 1530 tot
1588 1476 1772 1547 expositoribus

140 1568 198 1621 sotis
212 1565 291 1636 luisse
301 1567 408 1629 ridetur,
420 1563 513 1618 nedum
528 1578 617 1617 sorum
628 1561 760 1617 sententiis
771 1562 920 1629 plerumque
933 1563 1100 1615 controversis
1115 1569 1137 1612 et
1152 1561 1339 1631 dijudicetudis,
1355 1574 1378 1617 ct
1392 1562 1524 1637 elipeudis.
1540 1550 1562 1619 it
1578 1566 1773 1620 accommodass-

140 1660 188 1713 cis.
201 1655 274 1711 lnlcr
288 1655 472 1720 Peripateticos
484 1653 550 1708 enim
559 1651 666 1707 celebris
678 1659 715 1705 ιιι
726 1652 806 1721 ferme
819 1648 907 1702 nullus
922 1649 965 1718 qui
977 1649 1004 1702 iu
1017 1649 1086 1702 liuns
1102 1650 1195 1703 librum
1214 1667 1265 1705 nou
1281 1668 1322 1706 scr
1332 1653 1421 1722 puerit.
1437 1655 1505 1721 quod
1517 1664 1540 1706 et
1551 1669 1703 1725 moquopere
1715 1656 1773 1725 qui·

141 1750 194 1803 deu
207 1748 364 1802 necessarius
375 1746 418 1813 sit,
434 1754 458 1799 ιι
470 1744 551 1798 multa
560 1744 676 1797 doctriua
687 1746 807 1812 refertus,
820 1742 864 1796 sed
876 1740 993 1793 sisinisco
1003 1740 1183 1795 sententiarum
1195 1754 1218 1795 rt
1228 1741 1362 1796 perborum
1376 1744 1496 1799 lreritate
1508 1746 1693 1814 perobscurus,·
1703 1761 1773 1800 com·

141 1841 298 1895 scrutabatur
310 1846 396 1891 autem
408 1834 463 1890 truc
474 1850 525 1905 quo
536 1845 648 1903 tempore
659 1831 838 1888 Theudoricus
846 1833 975 1902 superatis
986 1831 1028 1896 dlq
1037 1832 1092 1885 iius
1103 1830 1269 1886 Cludereiuus
1280 1848 1394 1887 smeruru
1409 1830 1569 1887 Francorum
1581 1850 1664 1906 rtqem
1673 1834 1770 1907 inperiti

143 1935 232 2004 proelio
242 1930 396 2001 prohiqauit.
413 1927 538 1982 Ceterum
552 1923 690 1982 Seuerirtus
701 1940 751 1978 uon
763 1931 863 1977 latrium
878 1926 903 1978 in
918 1925 1109 1993 interpretando
1122 1933 1145 1977 et
1154 1923 1303 1991 experiendo
1321 1926 1357 1977 Ar
1367 1925 1456 1979 stotele
1469 1934 1580 1980 uersatus
1592 1934 1639 1989 est,
1650 1927 1696 1979 sed
1710 1930 1767 1999 ple·

142 2040 219 2094 reque
232 2023 308 2075 etium
320 2021 373 2091 ipse
386 2019 462 2074 ueluti
474 2017 725 2087 procreauit,horum
736 2018 761 2070 itt
771 2031 878 2070 uucnrero
891 2026 948 2067 suut
963 2014 1128 2086 pulcherrimi
1140 2014 1299 2085 illiquotuor
1311 2017 1343 2071 de
1358 2014 1514 2083 liitlereutiis
1526 2018 1616 2089 topicis
1629 2020 1698 2085 libri,
1712 2021 1773 2089 qui·

144 2118 188 2169 bus
202 2111 349 2166 dialecticos
363 2110 432 2163 locos
445 2125 462 2162 a
474 2107 610 2161 rhetoricis
623 2106 732 2168 dirimit,
754 2114 779 2158 et
797 2105 900 2158 totidem
914 2105 960 2156 alii
975 2106 1007 2157 de
1025 2115 1131 2173 utroque
1145 2105 1304 2174 splloqismo,
1324 2108 1384 2160 item
1405 2107 1438 2159 de
1455 2106 1578 2163 diuisione
1591 2119 1614 2164 et
1628 2109 1775 2177 definitione

143 2205 248 2276 sinquli.
260 2202 330 2257 llam
343 2200 388 2271 qui
399 2201 433 2255 ad
442 2198 605 2270 sqlloqismos
617 2197 773 2266 cateqoricos
791 2195 993 2248 introductorius
1004 2194 1159 2261 inscribitur,
1175 2195 1279 2252 titulum
1300 2197 1463 2252 subornatum
1475 2199 1561 2266 habet,
1575 2215 1632 2253 cuns
1642 2201 1700 2254 libri
1714 2201 1775 2253 Ari·

144 2293 241 2348 stotelis
253 2292 286 2347 de
297 2290 491 2355 Enunllatione,
504 2286 544 2343 rel
555 2287 707 2342 breuiarium
721 2287 764 2352 sit,
777 2297 804 2341 ut
814 2287 869 2357 ipss
878 2286 1002 2356 appellat,
1013 2284 1052 2340 oel
1065 2296 1132 2341 certe
1144 2287 1210 2342 idest
1220 2288 1288 2355 quod
1300 2289 1399 2360 primus
1409 2291 1441 2344 de
1450 2292 1595 2363 csteqoricis
1608 2293 1774 2363 splloqisutis.

146 2387 216 2458 Opus
228 2401 328 2457 quoque
338 2383 369 2437 de
383 2381 537 2437 scholastica
551 2379 701 2450 disciplina,
717 2395 768 2434 oron
782 2379 883 2435 titulum
898 2378 1040 2438 produced
1051 2387 1074 2431 et
1087 2377 1255 2433 elocutionem
1268 2391 1293 2435 et
1305 2381 1473 2438 incentionem
1484 2385 1612 2451 mentitur,
1627 2385 1702 2440 aliter
1710 2385 1776 2439 euim

146 2478 249 2531 Boetius
262 2473 414 2542 scripsisset,
429 2472 452 2526 si
464 2486 495 2524 ea
507 2472 539 2524 de
554 2487 581 2526 re
593 2472 702 2526 scribere
713 2470 844 2525 uoluisset.
857 2469 911 2525 Sed
925 2470 1009 2540 ipsum
1024 2471 1166 2532 ntiltumus,
1176 2487 1208 2525 se
1219 2471 1252 2525 tls
1264 2470 1463 2528 hebdomadibus
1475 2476 1574 2545 aliquid
1588 2479 1671 2548 potius
1683 2477 1709 2530 iu
1720 2492 1777 2531 nse·

146 2574 214 2623 diurn
230 2565 379 2636 afferamus.
392 2565 459 2621 Sunt
473 2576 559 2620 autem
573 2563 742 2620 hebdomades
757 2580 835 2634 opera
845 2573 943 2635 septem
954 2562 1069 2632 partibus
1083 2564 1230 2630 distributa,
1242 2567 1317 2621 sicuti
1331 2568 1421 2623 decem
1435 2569 1509 2624 libris
1522 2570 1641 2641 decades,
1653 2578 1677 2623 et
1689 2582 1777 2623 notem

146 2666 283 2721 enneadis.
296 2663 322 2717 ll
325 2664 478 2717 ebdomadas
495 2660 577 2715 lacre
593 2660 691 2731 primus
703 2659 845 2731 inscripsit,
861 2659 952 2714 deinde
963 2659 1005 2711 hie
1019 2661 1082 2727 ipse,
1095 2676 1127 2714 so
1145 2660 1238 2729 quibus
1250 2662 1353 2717 libellus
1367 2663 1401 2716 ds
1418 2663 1566 2717 substantia
1578 2661 1655 2728 beno,
1673 2664 1778 2718 stulius

147 2761 179 2815 de
186 2760 312 2814 unitateet
319 2771 370 2810 uuo
378 2763 494 2823 suutptus
501 2763 548 2817 est,
556 2752 780 2823 reliquaautedita
790 2768 841 2804 non
849 2760 918 2816 suut,
928 2752 997 2820 quod
1007 2767 1037 2804 ea
1048 2751 1107 2820 sibi,
1114 2763 1141 2805 ut
1151 2752 1296 2822 siquipeare
1303 2754 1412 2820 uidetur,
1421 2762 1601 2807 commentatus
1608 2762 1683 2820 esset,
1694 2760 1779 2808 autad

148 2865 196 2907 nos
207 2863 287 2920 usque
296 2863 349 2900 non
359 2834 532 2913 peruenerunt.
560 2842 740 2898 llebdomades
746 2844 850 2915 jurensis
863 2843 1016 2911 composuit,
1025 2842 1091 2894 uelud
1104 2851 1129 2895 ιι
1143 2844 1176 2897 de
1188 2842 1287 2897 duabus
1299 2843 1429 2898 naturisst
1442 2858 1494 2898 una
1503 2859 1612 2911 persona
1620 2843 1725 2908 Christi,
1732 2844 1779 2898 hoe

150 2953 179 2998 ut
192 2944 229 2995 its
239 2938 441 3003 wishmemeius
454 2937 529 2988 rerba
542 2934 650 3005 sariunt.
663 2932 816 3003 Ep‘scopus,
832 2934 912 3001 iuquit
925 2934 1035 2999 scriptor
1045 2934 1171 3005 epistola,
1187 2943 1309 3002 tanquam
1318 2933 1392 2986 balde
1402 2935 1570 2987 necessarium
1582 2949 1639 2988 cum
1653 2935 1779 3003 preteriri

151 3031 303 3092 soluimus
315 3026 414 3081 dsabus
427 3025 526 3079 naturis
539 3021 669 3079 Christum
679 3023 751 3077 consi
765 3031 829 3089 tere,
840 3034 865 3077 et
879 3023 906 3076 in
916 3022 1015 3076 duabus
1027 3022 1161 3093 aqualiter
1171 3022 1310 3077 catholicos
1320 3024 1432 3085 ιιιιιιιι,
1444 3024 1554 3078 nouitate
1565 3023 1627 3077 dicti
1638 3025 1780 3095 perculsus,

152 3120 294 3176 aedituum
302 3133 388 3172 omrtes
398 3115 482 3170 animo
491 3102 653 3182 queuntes.
661 3112 796 3168 Decretum
807 3116 855 3167 bec
865 3118 908 3183 [ue
916 3124 948 3166 ut
959 3114 1067 3168 conscilio
1077 3110 1236 3169 Chalcedone
1248 3115 1383 3183 celebrato,
1396 3116 1507 3187 illucque
1522 3114 1573 3169 leo
1590 3116 1719 3168 llomonus
1728 3117 1780 3184 epi»

151 3230 244 3286 scopus
251 3218 363 3276 merul,
377 3212 450 3280 cujus
464 3205 573 3276 epistola
583 3207 690 3261 uunrun
706 3206 740 3281 uri
752 3222 793 3273 sa,
806 3222 863 3259 eum
873 3216 970 3276 postea,
985 3206 1262 3275 nitentibuslcephulit
1279 3209 1472 3262 condemnatum
1484 3209 1538 3277 p'um
1549 3211 1640 3279 doqruu
1654 3224 1780 3273 reuocare,

153 3304 270 3376 pluribus
282 3301 424 3364 coucocatis
439 3299 526 3353 lloma
546 3299 674 3368 leperent,
692 3313 738 3351 neo
751 3298 815 3351 satis
831 3301 887 3368 jam
897 3297 959 3364 quid
969 3298 1114 3351 decerneret
1125 3298 1313 3370 intelliqerent,
1328 3316 1418 3357 ansam
1436 3299 1527 3357 Boetia
1538 3301 1607 3359 dedu
1616 3317 1674 3355 eum
1688 3302 1781 3357 bbrutu

152 3394 324 3467 componendi
333 3404 422 3447 contro
432 3390 455 3445 Ν
458 3392 590 3453 sutorium,
599 3391 642 3460 qui
651 3392 752 3444 duabus
762 3391 862 3445 naturis
872 3407 997 3460 percursas
1008 3393 1115 3448 totidem
1125 3395 1324 3466 adjuuqsbst,et
1339 3393 1481 3467 Eutqciteu,
1492 3397 1537 3467 qui
1550 3397 1650 3450 unicam
1662 3374 1781 3448 ndturom

152 3499 179 3542 ιι
191 3501 325 3557 pmsouarn
339 3482 465 3538 tuebatur.
486 3478 555 3552 quo
569 3481 592 3534 si
605 3487 661 3543 quts
676 3480 707 3534 ab
725 3481 880 3548 imperatore
894 3479 988 3549 leons,
1001 3484 1046 3554 qui
1065 3488 1184 3558 rejectam
1198 3489 1245 3540 sub
1259 3485 1390 3541 llartiauo
1407 3484 1520 3541 Nestorii
1538 3498 1562 3542 ιι
1581 3485 1709 3558 Eutqches
1724 3490 1781 3556 opi·

154 3579 255 3632 rriorueur
270 3574 377 3645 serebat,
391 3573 426 3626 ad
438 3569 569 3627 lustinum
586 3586 665 3640 usque
679 3582 797 3641 supputet
810 3584 903 3637 sunus,
918 3573 997 3641 paulo
1019 3575 1102 3632 minus
1115 3576 1300 3649 quinquaqinta
1314 3576 1466 3644 deprendet,
1481 3577 1572 3647 quibus
1591 3578 1623 3632 ds
1636 3576 1717 3632 Raetii
1732 3580 1782 3632 citri

154 3668 289 3733 detractis,
305 3668 387 3737 prirua
397 3664 668 3737 juventulistenipora
683 3664 866 3734 relinquentur.
886 3664 981 3719 imunt
995 3669 1049 3719 huc
1063 3675 1089 3721 ul
1103 3668 1204 3723 libuerit
1215 3668 1448 3739 quisqusarcipiat,
1463 3669 1530 3723 illud
1544 3680 1611 3724 certo
1625 3686 1676 3724 stou
1690 3671 1784 3725 adunit·

155 3759 261 3813 tendsnu
279 3756 465 3822 contenderim,
485 3753 601 3809 Boetism
623 3763 704 3808 trrorte
726 3763 881 3827 prouentum
896 3755 1023 3811 llusicsm
1047 3772 1097 3811 non
1109 3759 1258 3816 ubssloisse.
1275 3760 1344 3815 Nutu
1359 3762 1428 3829 quod
1451 3762 1575 3833 objiciunt
1596 3764 1675 3832 uliqui
1694 3766 1784 3819 titulos

155 3867 242 3905 eorum
256 3865 313 3919 qna
326 3849 414 3902 desunt
428 3847 463 3900 ad
482 3862 517 3900 uo
527 3860 673 3915 superesse,
688 3845 716 3899 id
729 3863 774 3900 uos
788 3848 817 3901 iu
826 3844 986 3903 contrariari
999 3844 1148 3903 sers'ttnliarn
1164 3852 1248 3916 potius
1263 3853 1360 3918 trahit,
1375 3854 1515 3907 absurdum
1530 3871 1583 3908 ιιιι
1608 3855 1783 3913 existimantes
1877 3846 1884 3853 ’

156 3942 271 3996 noudum
284 3942 400 4008 coumip
411 3939 432 3991 is
442 3936 514 3991 rebus
529 3937 592 3991 nelle
606 3954 696 3992 norrueu
707 3938 847 4006 imponere.
865 3941 972 4006 Quodsi
985 3942 1048 4010 quid
1061 3941 1237 4014 imperfectum
1253 3943 1390 4000 Smerinus
1402 3948 1513 4016 reliquit,
1525 3947 1552 4001 id
1566 3950 1620 4020 ipse
1632 3952 1785 4023 theoloqiam

155 4036 235 4102 {uisse
253 4032 405 4087 censuerint.
426 4030 497 4086 Satis
512 4031 578 4083 euim
591 4033 716 4102 superque
736 4028 933 4101 Philosophiam
947 4032 1132 4097 illustraberis,
1148 4038 1231 4108 itaque
1244 4037 1330 4093 dirius
1342 4040 1482 4108 restabant,
1497 4051 1521 4095 et
1529 4044 1585 4113 jusu
1601 4042 1708 4096 nrulturn
1724 4060 1785 4113 pro·

157 4136 267 4179 cessem
277 4125 446 4193 Auqustinuus
458 4131 569 4188 secutus,
583 4132 612 4176 ut
623 4123 679 4190 ipre
692 4123 724 4176 de
737 4121 808 4176 Triui
820 4136 863 4179 ate
876 4123 911 4177 od
922 4122 1104 4194 Sumptachuns
1119 4144 1154 4180 ιιι
1160 4129 1229 4183 ibunt
1242 4131 1350 4199 opertu
1361 4147 1371 4186 r
1390 4130 1477 4198 Voh's,
1494 4135 1566 4207 inqui
1571 4152 1586 4202 ⁶,
1599 4137 1786 4205 inspiciendum

156 4226 192 4271 ιιι
205 4234 239 4270 ιιι
253 4232 285 4269 ea
298 4216 364 4270 beati
378 4215 512 4286 Atqustiui
529 4215 629 4286 scriptis
642 4214 743 4271 semina
762 4216 894 4270 rationum
908 4218 935 4270 in
950 4234 995 4273 tuoe
1014 4220 1139 4274 ustrieut'u
1152 4224 1253 4291 fruetus
1269 4223 1369 4292 aliqm
1389 4226 1535 4283 iuruleriut.
1557 4226 1598 4282 Ee
1618 4231 1709 4300 quibus
1721 4231 1786 4285 illud

157 4310 233 4364 etiarn
244 4309 371 4377 conjicere
385 4323 529 4376 possumus,
544 4322 590 4360 cur
604 4323 671 4361 rrouo
685 4308 786 4361 demtus
801 4324 870 4361 auno
887 4307 1059 4364 Titeocloricus
1070 4310 1219 4367 Seuerissuut
1232 4320 1255 4365 ιι
1268 4312 1454 4383 Symmachum
1469 4318 1576 4385 necarit,
1590 4334 1624 4372 au
1637 4322 1698 4388 quia
1710 4330 1787 4376 senes

156 4402 183 4453 ιἰι
192 4400 341 4468 opinionem
355 4398 409 4452 trit
422 4398 525 4468 deiecit,
536 4409 558 4450 ιι
568 4398 685 4451 inimicus
697 4399 761 4451 adeo
774 4396 905 4453 catholicis
917 4401 1007 4468 euasit,
1021 4410 1047 4454 ut
1060 4417 1148 4455 eorum
1159 4401 1254 4471 templa
1266 4404 1369 4460 diruere
1378 4405 1405 4460 in
1416 4405 1495 4462 ltalia
1506 4408 1622 4474 soluerit,
1634 4411 1657 4463 si
1666 4410 1787 4466 lustinus

155 4489 266 4544 ursus
280 4491 307 4544 iu
320 4490 380 4542 huia
393 4505 444 4541 non
458 4492 530 4541 rest't
540 4487 831 4559 rerelllropuqnatures
844 4501 929 4544 auteru
942 4492 999 4545 sani
1012 4492 1138 4563 doqmctis
1148 4508 1205 4545 cum
1217 4494 1283 4549 alias
1297 4512 1407 4568 semper,
1420 4508 1474 4552 tuns
1487 4502 1615 4569 praecipue
1630 4518 1658 4554 eo
1674 4513 1787 4573 tempore

157 4580 262 4636 Boetius
273 4591 298 4635 et
314 4580 482 4651 Symmachus·
497 4583 655 4636 exstiterunt.
673 4581 842 4648 Quamobrem
861 4593 984 4653 tqranuus
1000 4586 1127 4655 conjectos
1147 4580 1173 4637 iu
1188 4600 1314 4639 currerent
1335 4588 1481 4642 obtruncari
1490 4592 1549 4661 Juss
1561 4600 1581 4642 t.
1595 4587 1679 4644 Ticini
1693 4592 1784 4645 iricolse

158 4672 423 4743 umperuntap’oribur
430 4674 553 4727 traditum
560 4683 705 4727 constanter
712 4671 1183 4743 asseueraul,Seoeriuum,eurureqius
1191 4674 1330 4746 ›piculotor
1337 4676 1430 4730 lethale
1436 4678 1529 4733 uuluus
1537 4679 1673 4744 intulisset,
1682 4692 1787 4755 utruque

157 4781 237 4819 ssanu
249 4763 377 4818 diuulsum
391 4775 466 4835 caput
479 4764 644 4826 sustinuisse,
665 4764 924 4834 interrsqstumquea
943 4777 1054 4827 quonam
1069 4779 1096 4816 ss
1117 4774 1266 4830 percussum
1280 4765 1453 4833 existimaret,
1467 4766 1498 4819 ab
1515 4768 1602 4835 impiis
1614 4770 1786 4837 respondisse,

157 4867 235 4926 utque
243 4859 281 4909 ita
291 4870 350 4909 cuns
361 4855 388 4908 in
399 4848 510 4908 demun
521 4855 643 4922 templum
652 4855 770 4917 uenisset,
781 4860 805 4907 ιι
817 4854 892 4921 pleais
903 4854 1008 4924 qeuibus
1021 4864 1080 4908 unte
1089 4854 1171 4907 altare
1181 4871 1254 4909 sarra
1267 4856 1429 4925 percepisset,
1444 4867 1500 4926 post
1514 4857 1619 4922 paulum
1633 4850 1786 4929 suspiras'ue.

159 4949 310 5005 festinetur
323 4950 421 5004 diuinos
434 4949 543 5004 honores
554 4965 571 5003 a
582 4949 675 5005 rustris
686 4957 833 5005 consecutus
846 4959 893 5014 est,
908 4952 977 5020 quod
990 4966 1036 5016 pro
1050 4951 1184 5005 catholicis
1196 4961 1285 5005 contra
1297 4953 1431 5020 perfidiam
1442 4955 1499 5008 ,lcii
1510 4964 1616 5011 mouens
1630 4959 1778 5015 sustinuerit

158 5044 227 5097 Sunt
238 5041 285 5111 qui
295 5040 405 5096 scribant
417 5042 502 5109 ipsum
515 5050 591 5094 ιιιιιι
603 5039 748 5103 llooeauaut
760 5038 922 5103 assecutum,
934 5042 1107 5111 proterisque
1118 5042 1188 5111 repis
1201 5044 1375 5113 propositum,
1385 5060 1444 5099 mac
1452 5062 1511 5100 cum
1523 5046 1620 5115 aliquot
1630 5050 1789 5105 secutoribus

158 5134 281 5198 occisum,
294 5132 363 5203 quod
375 5129 531 5200 Symmacho
546 5130 631 5199 potius
641 5129 775 5184 conuenire
787 5124 895 5182 uidetur.
915 5128 1004 5183 Turris
1014 5131 1081 5184 enirn
1097 5131 1209 5187 lateritio
1223 5132 1309 5200 lapide
1321 5133 1462 5204 famularia
1471 5139 1611 5193 etiamnum
1623 5137 1707 5195 Ticini
1717 5156 1777 5196 mou

158 5234 270 5290 stratur,
285 5223 368 5278 lioetii
390 5236 475 5278 carcer
491 5224 685 5291 sepulcrumque
702 5221 756 5292 eq‘ss
777 5220 803 5274 irs
823 5219 879 5274 ale
889 5218 966 5287 ¹ltesti
981 5218 1117 5293 duqustiui
1135 5221 1236 5287 pisitur,
1250 5238 1300 5291 qua
1315 5230 1389 5292 parle
1402 5224 1429 5279 in
1442 5226 1652 5299 adqtum'terupli
1669 5244 1788 5284 assessus

159 5321 262 5389 incipit,
278 5319 325 5374 ltoc
339 5321 379 5390 epi
389 5316 467 5389 aphia
481 5316 611 5371 incisum:

469 5409 570 5459 bluoula
582 5415 609 5459 et
618 5411 641 5457 iu
655 5406 722 5458 Latin
732 5405 814 5462 liuuus
825 5406 981 5466 clarissimus,
994 5416 1021 5458 ct
1031 5409 1072 5471 qui

424 5470 512 5521 Couurl
525 5482 553 5519 ur
561 5485 591 5518 uu
603 5471 651 5532 liic,
661 5470 722 5530 precli
735 5470 822 5516 siriusus
832 5469 856 5516 la
866 5466 989 5517 ursillum.

470 5532 499 5582 Et
511 5546 566 5593 quis
576 5544 641 5580 strom
653 5534 740 5593 rapuit,
753 5532 860 5587 prolutus
872 5543 911 5578 sna
924 5529 1030 5581 rerltsd
1040 5542 1121 5590 sucat,

426 5590 462 5643 Eu
472 5606 537 5641 nutrc
548 5594 608 5640 lustru
620 5596 687 5652 ι’ςιι
699 5604 811 5652 titusuuu,
825 5591 883 5639 uiuit
895 5605 964 5653 oqurs.

161 5679 347 5748 liirrumfertur
361 5685 384 5729 et
400 5674 472 5728 aliud
492 5674 604 5745 eloqittm
615 5690 664 5742 qao
684 5674 827 5741 sepulcrum
845 5671 901 5742 ejrrs
915 5671 1086 5725 excruciatur
1098 5678 1251 5739 auteuquom
1264 5670 1320 5726 il'ic
1334 5687 1350 5724 a
1365 5672 1543 5740 luithprando
1558 5669 1786 5740 torquendorum

170 5787 220 5841 epe
238 5771 365 5825 culloecrt
375 5784 416 5821 ur.
432 5766 520 5834 ipsum
534 5768 594 5836 quia
610 5767 695 5833 prucis
710 5766 790 5820 nsulta
804 5765 914 5819 coruliuet
928 5764 962 5815 ud
976 5763 1032 5832 rjus
1047 5762 1124 5813 ultam
1138 5761 1258 5831 {acistttia
1270 5761 1467 5828 subiunximus:
1780 5760 1787 5773 ⁹
