4278 6266
361 381 408 442 ttt

677 384 848 442 aecubbtx
867 383 916 440 AD
935 383 1056 443 LlBROS
1074 381 1117 438 oli
1136 378 1394 440 consultatoria:
1416 378 1662 437 etlttosuelltill.
1929 379 1971 433 ati

362 497 430 553 ultra
451 494 707 567 Constantinopolim
730 496 826 566 posita,
842 510 921 567 quarn
947 496 1026 553 truie
1051 506 1150 551 natura
1164 495 1360 565 Adcsertoris,
1380 493 1450 565 qnod
1466 503 1508 549 est
1530 493 1672 572 ῥίψασπις,
1691 488 1717 546 id
1730 500 1772 545 cst
1786 490 1914 562 projectet
1927 493 1971 565 cip·

362 597 461 644 nocant
481 602 556 642 utare
572 586 680 652 Leonis,
699 600 713 640 a
735 601 785 657 qua
801 587 896 641 uicinu
915 597 1009 657 qerrtcs
1031 587 1149 644 Pontice

362 686 500 733 vocamur.
514 676 635 733 Graecum
659 691 757 732 numen
778 687 820 734 εει
838 686 946 748 pontus,
960 678 1059 734 dictum
1074 680 1150 750 quusi

361 767 522 829 laboriosus,
537 765 598 833 qnia
613 779 720 835 semper
733 770 936 838 tempestatibus
947 770 1076 839 agitatur:
1087 786 1147 825 uam

361 857 434 918 κόνις
448 850 670 911 succentorem
683 857 824 927 siqnidem.
841 860 987 914 donreotn.

396 946 512 1018 AEstmu]
525 948 628 1010 AEstus,
649 962 664 999 a
686 963 739 1016 qno
760 958 839 1003 :estas
858 949 929 1004 dicta
950 958 1001 1014 est,
1018 949 1149 1004 lernurem

361 1035 503 1106 significat,
519 1037 589 1091 unde
602 1045 629 1090 ct
643 1048 730 1092 rnotns
744 1040 788 1092 itte
803 1041 938 1109 marisqui
951 1042 978 1092 lit
991 1056 1038 1109 per
1049 1039 1149 1094 ssrrxnm

361 1139 388 1183 et
407 1127 548 1190 ressnxrrnr,
561 1137 642 1182 retus
651 1126 685 1181 ab
696 1131 848 1183 auctoribus
863 1129 962 1185 Latinis
973 1132 1151 1201 dieitunquia

361 1232 437 1272 mare
455 1226 570 1273 aestuare
592 1227 620 1271 et
638 1227 763 1289 tanquam
785 1220 898 1275 ebullire
920 1221 1035 1276 uidetur.
1058 1221 1150 1293 ltaque

361 1305 463 1361 Plinius
478 1308 630 1362 aestnarium
643 1308 713 1362 dixit
723 1309 808 1364 locum
820 1308 847 1363 iu
858 1326 937 1379 quem
952 1325 982 1365 se
996 1322 1077 1366 aestus
1092 1328 1149 1365 ma·

361 1397 398 1451 ris
412 1395 570 1452 eiinnderct.
585 1396 640 1469 Ego
662 1399 743 1453 etiam
771 1400 930 1455 crediderIm
953 1400 1048 1474 (quum
1071 1401 1150 1458 bodie

362 1487 474 1543 barbare
486 1490 584 1544 siniam
599 1505 733 1555 locamus,
750 1491 897 1547 seeundum
922 1508 1017 1548 sonum
1039 1493 1150 1549 Germa-

362 1576 550 1650 nicaeliuguaa)
567 1579 626 1648 eius
641 1596 737 1636 aionien
752 1582 786 1636 ab
805 1582 931 1638 aestuario
953 1592 1106 1653 corruptum
1123 1596 1150 1641 ει

363 1668 534 1735 depravatum
558 1683 637 1736 csse,
659 1684 719 1726 eam
745 1671 846 1727 l’liuins
869 1672 1014 1730 caldariam
1035 1675 1148 1730 uocauit.

363 1754 428 1810 liam
450 1756 496 1813 ubi
516 1757 796 1828 lavamur,lra1neum
821 1761 928 1833 proprie
945 1761 1051 1819 dicitur.
1067 1768 1148 1821 tient-

363 1859 439 1902 tout.

396 1938 527 2011 Geminas]
539 1940 669 2014 dxairpaa
681 1941 786 2010 Graece,
801 1943 871 2014 quod
883 1956 924 2000 est
936 1946 1028 2011 ardeo,
1036 1946 1147 2012 dicitur;

364 2045 422 2088 rum
441 2032 533 2089 Latino
554 2035 681 2091 llartialis
697 2035 839 2093 furnarium
858 2041 963 2094 vocarit
985 2057 992 2092 :
1022 2042 1073 2096 boc
1091 2042 1150 2096 luco

365 2136 410 2191 per
423 2124 606 2194 metaphoram
621 2126 750 2196 accipitur
760 2141 809 2197 pro
818 2134 895 2185 antro
908 2129 949 2182 rel
961 2143 1087 2199 caverna,
1102 2146 1150 2200 per

364 2225 441 2281 quam
457 2211 575 2270 Vesevus
588 2214 709 2271 flammas
721 2218 828 2271 emittit.
844 2217 964 2274 Vesevus
979 2235 1055 2275 mans
1070 2221 1149 2276 estin

365 2302 518 2375 campania,
533 2320 584 2363 non
601 2307 679 2379 louqo
698 2323 712 2361 a
727 2307 837 2379 Neapoli
860 2312 1089 2382 temperamus,
1104 2315 1150 2384 qni

365 2407 552 2466 nonnunquam
565 2399 647 2452 tantis
656 2398 798 2454 ardoribus
820 2401 934 2471 agitatur
951 2411 979 2457 et
998 2410 1106 2471 (estuat,
1121 2415 1150 2460 ιιι

366 2486 451 2543 omnia
469 2489 555 2545 uicina
569 2499 647 2546 terrae
665 2492 782 2547 motibus
807 2493 931 2549 maximis
952 2498 1150 2560 cometamur,

365 2579 418 2649 apri
432 2590 553 2651 tegantur
564 2581 708 2638 cineribus.
723 2582 771 2638 Est
780 2593 808 2639 ct
819 2583 888 2640 alius
903 2584 1040 2642 immons-e
1053 2587 1151 2641 altitu-

366 2668 433 2725 dinis
446 2670 473 2726 iu
484 2671 605 2742 Alpibus,
619 2672 664 2742 qui
681 2672 803 2739 Vesulus,
819 2689 871 2729 nou
890 2675 1009 2731 Vesevus
1031 2678 1071 2746 (ut
1085 2690 1152 2731 non·

366 2759 430 2816 uuili
445 2761 543 2819 indocti
556 2761 658 2831 dicunt)
676 2776 796 2820 vocatur.
811 2767 958 2824 ιειιιιοιι.

400 2851 497 2925 Celeus]
510 2854 532 2909 d
547 2854 615 2911 cello
634 2855 760 2911 inusitato
780 2857 863 2913 verbo
885 2859 993 2929 dicitnr,
1009 2859 1079 2916 ntrde
1094 2875 1154 2930 per-

366 2945 444 3011 cello,
456 2945 569 3010 excello,
582 2948 714 3004 antecello
729 2948 861 3004 dicuutur.
875 2947 1019 3005 donicata.

398 3034 499 3107 Turris]
509 3037 590 3104 Quasi
602 3039 690 3105 torris,
703 3038 763 3109 quia
783 3039 874 3095 bostes
889 3047 999 3108 terreat,
1015 3041 1086 3099 dicta
1102 3051 1154 3097 cst.

367 3129 512 3189 tauream.

400 3221 522 3294 Falmcrr]
535 3221 609 3279 Sicut
623 3223 714 3294 lulgnr
726 3238 741 3279 a
752 3221 878 3294 fulgendo
890 3222 992 3279 dictum
1007 3233 1058 3281 est.
1072 3225 1191 3296 Acar-c

367 3328 443 3370 toan.

401 3404 546 3477 Tpranaos]
559 3405 651 3463 Gracc
664 3405 810 3478 principem
824 3406 964 3478 siqniiieat.
980 3407 1046 3463 inde
1060 3407 1154 3477 l'irqil.

368 3496 434 3550 iirit
447 3496 473 3550 in
484 3511 520 3550 vn
534 3494 641 3552 AEueid.
654 3513 660 3524 ·

459 3629 519 3678 Pars
530 3628 589 3678 tulbl
601 3629 665 3693 pacis
676 3630 732 3690 crit,
744 3629 856 3679 dextrum
866 3633 980 3694 tetigisse
988 3636 1082 3696 tyranni

368 3752 433 3822 Quia
458 3767 523 3807 vcro
537 3753 623 3808 Gracci
646 3768 754 3824 semper
780 3755 923 3825 cupierunt
945 3769 1006 3811 esse
1028 3755 1104 3811 liberi
1128 3768 1156 3815 et

368 3847 426 3902 tine
446 3846 563 3916 regibus,
589 3845 689 3902 idcirco
714 3846 821 3916 tyranni
850 3861 947 3902 nomen
969 3847 1040 3918 apud
1053 3863 1111 3918 cos,
1128 3859 1156 3903 et

367 3939 429 3993 binc
439 3937 508 4008 apud
522 3950 616 3993 omnes
625 3937 693 3993 inter
706 3935 863 3991 detestanda
874 3945 916 3991 est
930 3937 1060 3993 liabitum.
1072 3938 1152 3994 dent·

368 4045 446 4086 tota.

402 4118 591 4193 Exarmaueris]
605 4117 828 4184 Praesarmabis.
845 4130 874 4173 ut
895 4118 950 4174 iere
972 4119 1027 4174 rnlt
1042 4118 1158 4174 Priscia-

369 4226 421 4269 nus
437 4211 521 4282 accipi
535 4209 562 4265 in
577 4209 727 4280 husjusmodi
742 4210 807 4265 lucis
816 4211 1013 4280 conjunctivum
1030 4226 1078 4279 pro
1089 4210 1157 4265 iudi·

368 4308 466 4371 catino,
481 4319 632 4376 quanquam
655 4312 743 4358 tamen
765 4303 834 4359 ierte
857 4304 956 4358 rectius
971 4302 1157 4372 interpretabi-

368 4412 429 4452 mur
442 4411 488 4467 per
505 4398 599 4466 poteria
615 4410 746 4449 exarmare
761 4393 819 4457 tel,
837 4403 873 4448 cat
891 4402 918 4446 ut
937 4408 1060 4447 enormes·
1074 4393 1156 4447 bonr-

368 4507 446 4548 coen.

405 4579 547 4656 impotens]
560 4580 694 4651 impotens
716 4577 812 4634 dicitnr
834 4577 989 4648 plerumque
1017 4576 1043 4629 in
1060 4576 1155 4629 malam

369 4687 482 4745 partem,
494 4682 523 4728 ut
535 4689 588 4728 non
606 4673 641 4728 tit
663 4671 735 4727 idem
749 4670 818 4742 quod
832 4669 927 4725 debilis
940 4668 982 4722 nel
1006 4666 1155 4735 imbecillis,

368 4767 414 4823 sed
429 4767 474 4838 qni
485 4779 539 4820 non
553 4775 648 4836 potens
670 4763 722 4829 sni,
738 4775 768 4818 ιιι
790 4770 853 4818 sunt
868 4760 1024 4832 pierumque
1036 4758 1158 4816 immines

368 4858 395 4912 ln
405 4871 500 4927 magna
515 4855 620 4912 iortnna
636 4855 725 4925 positi.
735 4854 772 4910 lta
788 4853 852 4909 elicit
866 4853 968 4907 Plinius
979 4852 1004 4907 in
1017 4851 1156 4922 epistolis:

370 4948 524 5018 Seioquam
535 4947 570 5001 sit
590 4961 665 5001 amor
680 4946 813 5015 impotens
827 4959 942 5014 temper.
962 4943 1006 4999 Sic
1019 4946 1100 4999 ctiam
1116 4943 1159 4998 di·

371 5040 456 5092 cimns
464 5035 644 5104 impatientem
656 5036 766 5102 amoris,
778 5036 960 5106 impatientem
968 5031 1024 5099 ira,
1034 5033 1157 5103 nunquia

371 5126 563 5198 ampullatur,
579 5125 696 5195 sedquia
711 5142 764 5181 uon
787 5126 930 5183 commode
939 5124 1065 5198 patiatur.
1078 5130 1158 5183 denr-

371 5236 449 5277 cota.
644 5233 647 5237 ·

405 5311 504 5386 Abiecit
513 5312 640 5383 clypeum,
652 5308 758 5381 iocoque
771 5308 866 5383 motas]
885 5310 1065 5382 Periplnasis‚
1079 5310 1105 5365 id
1117 5319 1159 5367 εει

371 5405 570 5464 circumlocutio
583 5411 624 5459 est
636 5402 791 5470 desertoris,
803 5403 848 5474 qni
863 5404 950 5459 locum
975 5403 1001 5457 in
1012 5404 1070 5458 acie
1080 5403 1131 5458 sibi
1142 5417 1157 5456 a

371 5500 439 5556 duco
454 5501 615 5567 assignatum
627 5494 763 5564 relinquit·
775 5493 831 5549 Non
845 5494 914 5549 cuiun
927 5493 1024 5549 licebat
1036 5492 1159 5548 instituto

370 5590 578 5647 militiaeseteris
592 5589 695 5645 moneri
709 5587 779 5649 loco,
790 5586 840 5641 nisi
851 5585 962 5643 leriendi
973 5585 1057 5641 bostis
1068 5601 1157 5647 causa.

372 5683 412 5738 nel
434 5683 556 5739 seruandi
581 5681 663 5745 cinis,
685 5679 726 5734 nel
745 5679 896 5734 resumendi
918 5677 973 5734 teli.
1003 5678 1078 5745 Quod
1096 5676 1160 5733 dicit

371 5779 472 5839 autem,
488 5768 581 5839 abjecit
595 5769 723 5839 clypeum,
737 5767 828 5823 allusit
855 5767 889 5823 ad
913 5768 1034 5825 Graccum
1060 5783 1157 5824 unomen

1201 589 1251 658 pei.
1266 590 1412 643 bonacont.

1236 680 1348 734 Metrnnt
1362 676 1433 747 qnod
1448 675 1574 747 Agricola
1587 686 1615 730 et
1636 675 1681 730 atii
1706 691 1758 730 non
1774 676 1850 746 pauci
1870 674 1973 732 Pitalet·

1200 772 1270 825 cinrn
1284 778 1389 831 uocatu,
1405 767 1524 836 plerique
1536 782 1582 835 per
1596 781 1618 820 a
1629 766 1813 836 ‹tipbtlroupou
1827 768 1909 836 purius
1924 768 1974 822 l'la·

1202 860 1306 915 laeeium
1322 859 1435 915 dicunt:
1451 857 1571 912 nonnulli
1590 857 1775 921 Plralecinuiu,
1796 858 1842 912 alii
1856 857 1974 912 l¹lraicuti-

1199 962 1261 1002 cum
1275 965 1281 999 :
1295 946 1342 1001 sed
1365 947 1512 1001 caremlurn
1530 946 1655 1014 omnino,
1669 961 1704 1002 ne
1724 962 1801 1001 mure
1824 946 1974 1003 indoctoreu

1200 1053 1249 1110 per
1262 1055 1279 1092 rt
1290 1037 1430 1093 ialencinm
1443 1047 1563 1092 rucetnr.

1236 1128 1360 1199 Serenus}
1374 1128 1491 1182 antibus
1501 1126 1853 1195 perturbationumracnns:
1863 1129 1974 1193 quemad·

1203 1220 1311 1275 modnm
1325 1232 1417 1275 contra
1432 1221 1458 1273 in
1474 1218 1568 1274 ultimo
1584 1221 1663 1289 liujus
1675 1222 1798 1274 carmine
1812 1220 1899 1276 nubila
1912 1236 1975 1277 ment

1200 1311 1308 1376 dicitur,
1323 1314 1413 1380 proris
1424 1311 1608 1367 allectionibus
1620 1311 1746 1367 oliducra.
1763 1313 1854 1367 tinia:

1292 1398 1402 1451 Carmina
1415 1402 1561 1462 proueniunt
1572 1402 1653 1450 auimo
1664 1401 1770 1449 deducta
1782 1413 1881 1451 sereno.

1201 1483 1333 1538 Massiliae
1352 1485 1461 1540 Ficiuus
1476 1486 1501 1539 in
1518 1487 1565 1542 tib.
1577 1486 1675 1542 l'lntini
1698 1490 1733 1543 de
1750 1488 1925 1553 destituitur.
1938 1503 1976 1544 ca·

1200 1574 1256 1641 pite
1272 1574 1319 1630 ta:
1329 1574 1448 1631 Serenus
1461 1584 1551 1631 antem
1561 1590 1667 1646 semper
1679 1590 1720 1630 cst
1738 1579 1849 1647 probus,
1858 1590 1978 1643 aratrisque

1200 1663 1259 1733 ejus
1283 1664 1401 1734 quietus,
1426 1663 1587 1733 affectioque
1612 1665 1761 1735 sniticicus,
1785 1682 1864 1738 quam
1890 1669 1977 1722 nullutn

1201 1755 1312 1808 orituiuo
1334 1770 1439 1821 curum,
1463 1755 1508 1825 qni
1524 1756 1592 1811 mala
1606 1756 1748 1822 dicuntur,
1760 1761 1783 1813 si
1798 1759 1875 1814 ruodo
1895 1761 1979 1830 probus

1164 1867 1186 1926 B
1201 1845 1245 1899 ille
1260 1844 1301 1906 sit.
1315 1845 1462 1912 perturbat.

1234 1930 1259 1985 F
1260 1930 1341 2004 etum}
1357 1933 1425 2000 Quid
1440 1934 1476 1988 sit
1491 1932 1559 1988 inira
1571 1932 1598 1988 ἰιι
1613 1950 1639 1988 tn
1651 1936 1696 1989 tib.
1711 1930 1821 1992 dicitur'.
1845 1936 1892 1991 llic
1904 1946 1978 1991 autem

1200 2036 1248 2091 per
1261 2022 1343 2077 iatum
1358 2024 1449 2092 accipe
1462 2063 1469 2087 ‚
1492 2039 1524 2077 er
1549 2024 1602 2078 lare
1617 2025 1766 2082 uenientia.
1783 2027 1890 2083 Videtur
1901 2037 1978 2084 nutem

1200 2113 1332 2181 imitatus,
1345 2113 1409 2168 illud
1424 2113 1518 2184 virgil.
1533 2115 1559 2168 in
1574 2131 1590 2169 u
1606 2114 1720 2187 Georg.:

1293 2204 1373 2262 Felix,
1384 2207 1426 2268 qni
1439 2208 1516 2265 putuit
1526 2219 1607 2255 rerum
1622 2219 1778 2269 cognoscere
1789 2218 1882 2271 ειιιειε,

1293 2267 1374 2327 bique
1385 2274 1466 2315 utetur
1474 2280 1569 2325 omues,
1583 2275 1609 2315 et
1620 2269 1776 2318 inexorabie
1787 2270 1861 2318 latum

1292 2327 1402 2389 subiecit
1413 2329 1526 2390 pedibus,
1535 2331 1716 2392 strepitumque
1732 2333 1878 2382 Aeberoatis
1887 2330 1953 2381 unt

1202 2410 1234 2465 Et
1244 2407 1309 2465 illud
1320 2412 1429 2465 senece
1444 2411 1534 2479 tragici
1551 2412 1577 2465 in
1590 2412 1702 2467 llercnle
1715 2413 1814 2473 OElreo
1830 2433 1838 2471 r

1294 2498 1409 2561 Quisquis
1420 2501 1466 2547 snb
1479 2499 1582 2561 pedibus
1593 2500 1640 2549 iata
1652 2503 1762 2562 rapacia,

1293 2560 1324 2610 Et
1334 2573 1439 2622 putantem
1449 2563 1529 2622 put-uit
1542 2563 1639 2610 lrrrniuis
1650 2562 1740 2622 ultimi,

1293 2620 1347 2670 Nun
1357 2624 1450 2682 captiua
1461 2625 1530 2671 dabit
1542 2623 1640 2671 braama
1655 2625 1770 2684 uinculis,

1294 2681 1347 2732 b'ce
1360 2696 1453 2744 pompae
1465 2684 1549 2733 venriet
1560 2684 1644 2733 nobile
1655 2683 1786 2735 ferculum.

1204 2764 1269 2819 item
1284 2763 1403 2833 ciusdem
1430 2779 1523 2820 uersus
1536 2764 1764 2832 cleqarttiisimos
1785 2766 1831 2838 qui
1844 2774 1902 2821 sust
1918 2764 1941 2818 iu
1955 2780 1979 2818 ca

1204 2853 1342 2924 tragedia,
1357 2853 1399 2907 cni
1413 2853 1507 2907 titulus
1517 2853 1667 2925 Thyestes:

1327 2958 1380 3010 Rex
1394 2969 1441 3019 est,
1451 2962 1493 3023 qni
1503 2965 1582 3024 perurit
1594 2970 1685 3026 ιιιειιιι,

1328 3021 1358 3072 ιιι
1367 3022 1414 3072 diri
1424 3028 1485 3072 mala
1496 3032 1555 3083 pecu
1567 3026 1611 3086 ris,

1329 3084 1407 3141 ouem
1419 3097 1465 3132 nrm
1474 3084 1574 3132 atribitio
1583 3085 1713 3148 turparem,

1329 3143 1359 3193 Et
1370 3158 1489 3203 uunquam
1502 3147 1595 3196 stubbs
1605 3146 1672 3197 ianur

1329 3204 1400 3265 tulgi
1413 3207 1542 3265 precipites
1554 3215 1644 3265 rrtouct.

1330 3266 1382 3314 lion
1392 3268 1507 3329 quidquid
1520 3267 1579 3317 indit
1590 3270 1714 3333 occidens,

1330 3328 1380 3377 Ant
1390 3328 1452 3375 tttrda
1464 3328 1545 3391 'l'agnt
1553 3343 1628 3380 altrea

1328 3389 1399 3437 Claro
1410 3389 1510 3439 dcueitit
1523 3390 1604 3451 alueo,

1330 3449 1382 3498 Non
1392 3450 1508 3513 quidquid
1520 3452 1614 3501 libicis
1629 3455 1686 3503 terli

1331 3510 1443 3561 Feruens
1453 3525 1487 3561 ar·
1497 3527 1510 3560 a
1524 3516 1653 3563 utessibns.

1329 3574 1408 3629 Ona-tu
1420 3585 1467 3620 nott
1477 3575 1602 3624 cnttcntiet
1611 3578 1701 3626 εειιειιι

1332 3631 1430 3696 (ibitqnt
1444 3648 1480 3681 nra
1493 3634 1607 3693 l'ttlruints,

1329 3693 1382 3744 Nou
1393 3707 1468 3744 etrrus
1477 3700 1575 3756 rapiens
1586 3709 1663 3759 mare,

1330 3758 1380 3805 Ant
1389 3768 1455 3804 sato
1467 3758 1564 3816 capitulas
1577 3757 1641 3807 ireto

1331 3817 1403 3866 l'ettb
1411 3818 1433 3866 εἰ
1443 3825 1523 3865 tuma
1538 3819 1629 3879 torte,

1333 3880 1410 3935 tinum
1423 3890 1470 3926 oon
1483 3879 1566 3927 laurea
1579 3881 1670 3942 ruditis,

1330 3938 1382 3987 tion
1397 3948 1495 3988 siccius
1507 3941 1538 3989 rio
1547 3943 1598 3989 turit
1610 3944 1719 4007 chalybs,

1331 4002 1377 4057 Qui
1391 4008 1442 4048 tuto
1457 4003 1548 4060 positus
1561 4003 1622 4061 tuo,

1332 4059 1397 4110 lnl'ta
1410 4074 1437 4110 sa
1450 4065 1516 4111 ιιιιει
1527 4065 1615 4123 ιιιιιιιιι,

1332 4124 1492 4184 Occurritque
1505 4137 1548 4171 stro
1558 4124 1636 4173 libens

1332 4182 1401 4243 Fato,
1414 4196 1460 4234 nce
1474 4189 1589 4247 queritur
1599 4187 1669 4238 niori.

1245 4283 1317 4357 Epir]
1332 4285 1438 4354 Optime
1459 4287 1557 4355 placet,
1587 4290 1657 4359 quod
1681 4292 1806 4363 agricola
1822 4289 1976 4362 sauriniani

1209 4377 1414 4441 restituendum.
1428 4389 1457 4433 nt
1471 4393 1566 4434 uersus
1581 4391 1696 4437 constet.

1246 4468 1389 4524 Fortunam
1399 4469 1542 4542 utramque]
1556 4471 1590 4525 Et
1600 4486 1755 4544 prosperam
1770 4475 1944 4533 etudtcrsam.

1246 4558 1339 4632 Taena]
1354 4560 1472 4615 inruens.

1244 4648 1348 4721 Rectus]
1364 4649 1488 4705 lnssextts.
1501 4647 1664 4707 Cleobulus:
1682 4654 1747 4709 llum
1762 4654 1874 4710 secunda
1888 4653 1977 4707 iortrtna

1210 4744 1319 4809 arridet,
1340 4743 1479 4812 superbire
1507 4745 1582 4799 noli:
1603 4745 1714 4802 aduersa
1734 4758 1917 4817 perstrepente.
1932 4739 1978 4795 nuti

1209 4834 1304 4903 frangi.
1325 4832 1451 4889 Fortunae
1476 4837 1638 4891 mutationes
1663 4837 1767 4894 sortiter
1785 4841 1867 4894 disce.
1885 4834 1978 4891 Perian-

1209 4926 1258 4981 dcr
1271 4943 1277 4977 :
1292 4925 1363 4980 lntcr
1374 4925 1505 4980 secundas
1517 4941 1560 4981 rcs
1571 4935 1630 4983 esto
1643 4927 1806 4993 moderatus,
1819 4931 1885 4984 iuter
1897 4924 1977 4978 airu·

1209 5015 1389 5085 sasprndcos.

1246 5109 1386 5181 inuictum]
1402 5107 1586 5176 Constantem,
1601 5110 1716 5168 fortunar
1741 5106 1921 5168 mutationibus
1932 5113 1975 5158 nou

1210 5204 1439 5260 succumbentem.

1246 5293 1307 5349 Non
1329 5296 1404 5348 iltnru
1427 5294 1530 5359 rabies,
1555 5291 1627 5367 etc]
1646 5296 1693 5352 Sic
1717 5295 1840 5352 Horatius
1855 5291 1879 5346 iu
1896 5301 1921 5343 tn
1936 5282 1974 5339 tib.

1210 5387 1301 5443 Carni.
1313 5400 1320 5443 ι

1303 5474 1398 5525 lustum
1411 5483 1436 5523 ct
1446 5482 1558 5526 tenacem
1570 5479 1686 5538 propositi
1698 5479 1782 5536 rtrum,

1302 5536 1354 5586 Non
1366 5538 1452 5584 titium
1463 5538 1534 5586 ardor
1546 5551 1617 5596 praua
1627 5540 1772 5597 intuentium,

1303 5597 1355 5647 lion
1367 5600 1448 5647 vultus
1459 5599 1572 5649 iustatrtis
1584 5601 1676 5661 tyranni

1304 5658 1386 5708 ιιιιιιε
1399 5662 1477 5722 quatit
1487 5661 1571 5713 stitia.
1584 5673 1666 5722 neque
1678 5667 1760 5710 auster

1305 5719 1358 5769 ltux
1372 5721 1475 5782 inquieti
1488 5723 1599 5771 turbidus
1615 5723 1706 5785 Adria,

1302 5780 1353 5831 nee
1365 5780 1514 5833 fulminante
1525 5793 1611 5843 mapua
1623 5782 1690 5834 lotis
1701 5794 1800 5833 manat·
