4198 6250
950 221 1006 278 hrt.
1028 222 1131 281 lithh.
1152 222 1227 280 SEV.
1249 219 1361 278 uberti
1914 223 1989 278 libo

1134 341 1274 401 Aruinae
1287 333 1434 391 semitonii.
1451 331 1505 389 Sed
1521 331 1593 387 idem
1607 331 1662 388 duo
1678 334 1733 390 toni
1746 348 1779 391 ac
1794 336 1987 395 semitonium

1172 426 1198 480 in
1212 423 1383 482 chromatico
1393 439 1492 495 genere
1506 421 1557 478 hac
1572 424 1676 479 ratione
1686 424 1764 480 dirisi
1778 435 1856 481 sunt.
1873 428 1988 485 Secun-

1170 517 1234 573 dum
1250 519 1323 573 enim
1341 529 1436 586 genus,
1450 513 1522 587 pirou
1542 502 1586 571 εει
1598 514 1804 582 elrromuucrm,
1822 519 1879 574 boe
1895 522 1986 577 modo

1173 607 1339 677 descriptum
1350 616 1391 662 εει
1406 622 1414 659 ε
1429 614 1556 676 paranete
1567 604 1638 660 enim
1647 605 1818 664 chromatice
1833 608 1985 680 hyperbo-

1171 698 1244 765 leon,
1256 712 1319 769 qure
1332 706 1374 753 est
1388 696 1469 763 2736,
1485 697 1519 752 ud
1538 707 1617 752 neten
1633 697 1831 768 hyperboleon,
1853 717 1921 765 ειη·
1940 713 1984 756 εει

1169 789 1246 853 heht,
1256 798 1428 859 comparatu,
1439 788 1560 844 eontinet
1574 788 1690 855 spatium
1708 797 1854 857 paranetes
1869 790 1981 861 hyper·

1172 879 1268 935 beleun
1280 878 1408 935 diatonici
1419 879 1526 948 generis
1535 879 1568 933 nd
1583 888 1662 934 neten
1676 879 1890 949 lryperboleon⁸
1904 884 1981 952 qnod

1171 980 1214 1026 est
1225 986 1296 1026 unus
1309 979 1400 1035 tonus,
1421 969 1514 1035 idest,
1534 967 1587 1024 duo
1601 968 1848 1041 remuneratorius
1869 987 1904 1027 oe
1923 976 1978 1027 uri·

1172 1077 1235 1130 nus,
1247 1071 1276 1118 et
1289 1061 1403 1117 diuisum
1425 1076 1518 1116 rursus
1539 1061 1656 1131 spatium
1670 1072 1817 1131 paranetes
1833 1064 1978 1135 hyperbo-

1172 1152 1234 1219 leun
1254 1152 1392 1219 diatonici,
1411 1152 1444 1207 nd
1468 1163 1544 1208 netes
1566 1151 1759 1224 hyperboleon.
1776 1155 1814 1210 lto
1833 1160 1909 1211 enirn
1930 1158 1977 1212 le·

1172 1253 1245 1299 ctum
1260 1251 1312 1309 εει,
1328 1243 1374 1310 uui
1393 1251 1436 1297 εει
1455 1241 1585 1296 dimidius
1603 1254 1693 1307 tonus.
1706 1241 1758 1299 sed
1778 1259 1831 1300 non
1846 1245 1972 1317 integre,

1174 1330 1236 1405 quii
1248 1334 1290 1406 (ιιι
1304 1348 1386 1404 supro
1396 1333 1534 1390 uberrime
1546 1342 1723 1389 monstratum
1744 1336 1798 1407 eat)
1813 1351 1866 1391 non
1877 1348 1975 1408 potest

1090 1480 1096 1493 ,
1173 1434 1254 1482 witus
1267 1427 1294 1481 in
1309 1425 1362 1480 dno
1373 1440 1449 1497 reque
1464 1425 1569 1495 partiri.
1585 1424 1812 1495 consignabimus
1826 1429 1975 1499 igitnrboc

548 1505 727 1559 T⁰¹¹⁸0h⁰ffl0⁸
737 1507 912 1572 hyperboleon.
1173 1516 1290 1586 spatium
1305 1513 1386 1571 trium
1403 1514 1617 1582 semitoniorum,
1635 1516 1662 1571 id
1682 1526 1724 1572 est
1739 1516 1795 1572 toni
1808 1532 1842 1574 rc
1855 1519 1974 1574 semitu-

405 1657 416 1667 .
472 1589 641 1705 Nffifflffl·
714 1590 881 1703 Nffiffe‘·
942 1589 1107 1703 N‘ffiff'·
1174 1605 1288 1671 nii,hoc
1303 1604 1395 1671 modo,
1409 1586 1491 1660 iii.
1513 1605 1617 1661 llnrsus
1636 1592 1764 1676 paranete
1783 1607 1973 1680 hyperboleon

590 1688 598 1703 '
831 1688 839 1701 '
1069 1684 1077 1701 ⁶
1140 1695 1337 1772 pehromotiea
1360 1695 1394 1749 ad
1426 1695 1506 1751 triten
1533 1694 1715 1777 hyperboleon
1740 1698 1841 1754 retinet
1864 1706 1972 1769 purtem

1175 1789 1239 1855 toni,
1253 1789 1335 1844 idest
1349 1787 1532 1855 semitonium,
1549 1788 1622 1860 quod
1638 1789 1769 1861 reliquum
1784 1791 1834 1846 luit
1849 1807 1885 1847 er
1902 1794 1972 1848 dno·

1174 1881 1224 1937 bus
1239 1879 1311 1935 tonis
1330 1879 1376 1948 nui
1398 1879 1571 1936 continentur
1590 1880 1662 1935 inter
1681 1881 1760 1937 triten
1783 1882 1973 1952 hyperbolem

1173 1969 1345 2035 diatonicam,
1369 1978 1397 2022 et
1420 1977 1500 2024 neten
1521 1968 1713 2039 hyperboleon.
1732 1969 1886 2027 Submotis
1906 1989 1973 2029 reru

1173 2068 1290 2132 quotuor
1312 2050 1473 2126 semitoniis,
1498 2059 1631 2130 reliquum
1657 2075 1690 2116 cr
1714 2068 1771 2116 utto
1794 2064 1973 2119 tetrachordo

1173 2149 1445 2218 spatium-semitonii
1465 2157 1519 2216 est,
1533 2150 1604 2219 quod
1625 2152 1778 2207 continetur
1794 2152 1869 2207 inter
1889 2162 1972 2226 neern

1174 2240 1398 2311 diezeugmenon,
1411 2249 1438 2295 et
1449 2239 1512 2295 trite
1524 2238 1717 2311 hyperboleon.
1728 2240 1838 2296 Corrstot
1850 2243 1972 2313 igiturct

1177 2334 1229 2388 boe
1243 2330 1442 2388 tetrachordum
1457 2345 1490 2385 cx
1500 2330 1604 2386 duobus
1619 2331 1690 2387 tonis
1705 2346 1736 2386 nc
1751 2332 1908 2396 semitonio,
1923 2332 1969 2387 di·

1174 2422 1260 2477 uisum
1281 2421 1307 2474 in
1330 2435 1384 2475 uno
1407 2419 1514 2491 quidem
1538 2422 1625 2487 spatio
1646 2418 1732 2475 trihus
1756 2422 1919 2475 semitoniis.
1941 2422 1972 2477 ln

1173 2509 1381 2566 duobus'nntem
1397 2508 1503 2580 spatiis,
1521 2508 1627 2565 duobus
1644 2511 1804 2566 semitonio.
1822 2510 1883 2565 Tria
1898 2526 1971 2581 uero

1175 2602 1261 2667 spotia
1282 2600 1374 2656 nervis
1398 2609 1513 2669 quatuor
1535 2601 1716 2655 continentur.
1740 2600 1769 2655 ln
1789 2600 1970 2655 enharmonio

1175 2705 1239 2747 roro
1252 2706 1350 2762 genere
1365 2704 1468 2746 summu
1482 2699 1524 2745 est
1538 2689 1564 2745 id
1578 2690 1756 2759 pernoscendi
1769 2690 1782 2727 ι
1799 2690 1924 2758 lucilius,
1935 2693 1972 2747 ab

1174 2799 1205 2839 eu
1223 2779 1295 2838 enirn
1310 2797 1371 2851 quoe
1387 2790 1429 2837 εει
1441 2790 1502 2836 nete
1515 2780 1710 2852 hyperboleon,
1726 2781 1752 2834 id
1769 2791 1812 2835 εει
1822 2780 1900 2844 250⁴,
1919 2797 1971 2851 pa-

688 2927 703 2940 ,
920 2887 947 2938 τῆ
978 2901 1099 2949 [imme
1175 2882 1267 2927 rarrete
1281 2870 1464 2942 hyperboleon
1478 2869 1681 2934 enharmonios,
1695 2867 1722 2922 id
1737 2878 1779 2923 est
1794 2869 1879 2931 eolo,
1897 2868 1972 2923 dnoe

681 2943 704 3025 Ξ
717 3015 734 3040 ω
762 2981 830 3033 yffi,
851 2980 897 3044 gy,
919 2895 956 3098 ἱ
975 2959 1102 3024 hyperbol.
1176 2970 1254 3016 tuum
1270 2960 1388 3030 integros
1400 2944 1490 3026 distnt',
1502 2974 1570 3027 ortos
1584 2959 1636 3014 hoe
1649 2959 1730 3014 modu
1754 2947 1970 3014 notuhbnusii.

687 3030 704 3043 ⁶
764 3033 943 3107 00001000α
1005 3022 1068 3073 ³⁹⁹²
1136 3049 1467 3149 Chelinquitur⁰lgitnr
1485 3064 1519 3104 er
1534 3050 1616 3104 totius
1627 3049 1791 3105 tetrachordi
1805 3050 1909 3105 duobus
1928 3058 1971 3104 tor

689 3131 736 3210 ΞΕ
799 3166 862 3218 otiis
920 3112 943 3213 Ξ
972 3104 1106 3228 &hingo
1178 3142 1221 3198 nb
1248 3157 1280 3199 ae
1302 3142 1447 3197 semitonio
1468 3156 1551 3197 tonum
1571 3142 1681 3212 guidem
1703 3143 1873 3199 semitonum
1896 3144 1971 3211 quod
2008 3142 2011 3147 ’

682 3215 706 3257 ²¹
745 3164 750 3283 A
919 3217 944 3275 Ξ
1007 3224 1069 3275 odio
1176 3234 1331 3290 continetur
1344 3232 1416 3288 inter
1439 3242 1520 3288 neten
1545 3232 1755 3305 diezeugmenon
1775 3246 1805 3291 et
1825 3244 1971 3306 paraneten

975 3308 1106 3432 mg·
1178 3328 1361 3399 hyperboleon
1382 3328 1589 3382 intirmorum.
1609 3328 1685 3394 uuor
1707 3328 1971 3383 sollemniorem

973 3402 1106 3481 entrarmo:
1178 3419 1204 3473 in
1220 3420 1287 3473 duos
1302 3416 1392 3473 dieses
1408 3417 1471 3473 trite
1486 3418 1668 3488 hyperboleon
1690 3418 1901 3474 enharmonion.
1914 3417 1971 3475 lle·

1001 3494 1082 3540 ”mm
1177 3510 1220 3565 din
1236 3510 1386 3579 interjectu,
1406 3510 1575 3581 spatiumque
1593 3512 1699 3568 dieseos
1720 3512 1772 3567 hoe
1784 3512 1866 3568 modu
1880 3513 1970 3585 signa·

334 3598 396 3659 0¹¹ae
407 3595 447 3666 ¹¹¹9·
458 3594 508 3645 ’³¹⁰
521 3597 600 3645 trthus
619 3594 703 3652 001108
714 3596 836 3652 utennnn,
848 3595 894 3644 ¹¹²⁰
912 3598 983 3645 ¹¹⁰⁶&
1002 3595 1127 3659 llll‘lflss·
1176 3603 1264 3656 rimuu
1280 3600 1301 3673 d
1318 3602 1355 3655 itu
1372 3602 1453 3671 igltur
1473 3601 1550 3657 nobis
1565 3603 1747 3673 hyperboleon
1767 3606 1968 3662 tetrachordum

332 2532 399 2608 52

333 2600 399 2652 ore

334 2813 359 2884 Β

380 2909 398 2935 fl

375 2932 459 3011 ²33

375 3000 459 3051 2⁴:

381 3054 398 3067 ⁸
472 3019 490 3076 3
524 2964 595 3037 urire
615 2985 659 3047 uy-

436 3050 490 3133 §3
524 3047 660 3111 perbolcon

434 3129 490 3243 ΞΕ

650 3336 662 3348 ·
768 3310 899 3360 ttetedte·

531 3384 660 3432 zcugmen.
689 3410 705 3432 ,.
769 3384 899 3433 neugrnen.

517 3431 601 3483 Genus
620 3433 673 3482 dia·
766 3432 900 3483 Chromati-

545 3495 651 3542 tunieum
739 3492 743 3499 '
810 3505 865 3541 euru

639 3658 691 3706 cius
702 3657 831 3718 conspicis.

639 3760 753 3817 ctrbr
773 3761 817 3818 Vl.

459 3834 537 3890 llotio
553 3835 672 3906 reperior
689 3832 793 3904 dipertte
810 3833 1000 3896 descriptionis.

370 3929 435 3985 'iris
455 3929 535 3998 igitur
554 3924 726 3983 tetrachordo
748 3924 793 3980 tali
809 3909 888 3980 nohis
907 3923 1012 3979 ratione
1029 3922 1128 3979 deseri·
1208 3966 1214 3979 .

299 4020 305 4029 ‘
336 4030 380 4090 pte
391 4028 463 4073 sunt.
475 4017 688 4074 'letneburdum
704 4018 777 4073 enirn
790 4030 872 4072 omne
882 4014 1049 4070 diatesseron
1061 4023 1075 4051 ⁸
1087 4027 1128 4068 re·

331 4111 403 4164 tinet
417 4107 633 4163 consonantium.
649 4107 732 4176 lgitnr
746 4116 808 4164 nete
822 4106 1014 4178 hyperboleon,
1025 4115 1052 4161 ct
1065 4114 1128 4160 nete

336 4202 547 4268 diezeugmenon
562 4199 588 4251 in
599 4198 685 4252 trihus
699 4199 853 4267 generibus.
867 4198 892 4254 il
908 4205 960 4258 est,
976 4195 1018 4249 uel
1031 4195 1058 4249 in
1068 4195 1128 4249 dia·

141 4323 146 4337 ι
242 4306 245 4309 ·
270 4298 286 4345 >5
309 4353 312 4359 ,
336 4304 412 4356 ιειιο,
425 4291 467 4347 rel
485 4289 512 4345 in
530 4288 682 4350 chromate,
705 4287 749 4343 vel
761 4287 788 4342 in
803 4285 980 4365 enharmonio
997 4285 1127 4340 diatessu-
1214 4318 1216 4321 -

1177 3690 1342 3762 descriptum
1356 3701 1407 3747 est.
1418 3691 1479 3757 Quo
1489 3702 1596 3762 peracto
1606 3692 1640 3746 ud
1655 3692 1867 3764 diezeugmenon
1887 3705 1968 3749 tetra·

1177 3784 1306 3838 cbordum
1332 3783 1482 3837 veniamus.
1505 3782 1560 3839 Nec
1582 3782 1779 3839 immorandum
1802 3796 1845 3841 εει
1869 3776 1969 3841 eie-tem

1177 3875 1482 3931 commemorationibus
1500 3877 1526 3930 ln
1547 3878 1662 3931 ceteris.
1674 3877 1742 3933 Cure
1756 3879 1790 3933 oh
1804 3879 1856 3934 bac
1872 3884 1934 3933 «lec
1950 3894 1970 3931 r·

1177 3979 1269 4036 perone
1279 3967 1360 4021 etinnr
1374 3967 1400 4021 in
1414 3966 1476 4021 ullis
1491 3968 1559 4022 sumi
1574 3977 1660 4038 posst
1677 3970 1845 4040 exemplum.

1479 4076 1593 4133 cheul
1615 4078 1672 4133 vti.

1196 4189 1367 4245 llonochordi
1386 4198 1501 4245 ortorum
1513 4188 1711 4312 dk‘jfssm‘m
1729 4204 1776 4258 per
1795 4191 1847 4243 trio
1858 4205 1951 4260 perum

1517 4274 1631 4328 poetro.
1713 4292 1718 4297 -

325 4376 387 4439 'ron
400 4383 539 4439 continent
552 4379 751 4451 symphoniam.
765 4378 938 4433 hintessnron
953 4387 1043 4432 etitem
1064 4390 1128 4430 con-
1212 4372 1385 4443 Notesigitur
1397 4372 1616 4440 diezeugmenon,
1630 4384 1691 4439 que
1707 4369 1840 4434 estbbld,
1855 4369 1877 4424 si
1889 4370 1971 4425 dimi·

281 4478 283 4483 ’
336 4459 460 4530 sonantia
478 4480 585 4529 coastat
599 4470 703 4525 duubus
718 4468 788 4524 tonis
803 4477 830 4524 et
852 4465 996 4521 semitonio
1010 4450 1125 4520 minore.
1140 4460 1251 4521 Ddiunr
1271 4479 1386 4529 euntem,
1406 4472 1486 4517 erunt
1506 4458 1586 4516 teob.
1609 4459 1660 4527 Qui
1680 4459 1783 4515 eisdem
1803 4458 1883 4512 additi
1899 4458 1972 4519 liunt

320 4542 364 4625 tid
384 4565 436 4620 hoe
447 4563 527 4619 modo
547 4578 595 4633 per
610 4562 659 4617 tria
680 4572 779 4631 genera
800 4558 827 4614 in
842 4555 1027 4626 btnrprudictio
1043 4562 1126 4610 tetra·
1177 4556 1247 4614 tutto
1259 4570 1320 4625 pure
1344 4562 1386 4609 εει
1408 4567 1491 4618 mese,
1509 4566 1589 4621 guam
1602 4550 1625 4604 0
1639 4549 1728 4604 littera
1750 4548 1967 4619 designavimusy

333 4630 445 4713 clrordis
458 4656 573 4712 diuisum
593 4662 645 4709 est.
660 4652 688 4706 bt
707 4650 841 4708 diatonico
855 4650 928 4706 enim
941 4661 1042 4718 genere
1054 4645 1124 4716 quod
1176 4647 1283 4719 quodsi
1298 4645 1399 4701 eisdem
1414 4652 1491 4700 ιιειεε
1505 4643 1731 4711 diezeugmenon,
1745 4642 1771 4695 id
1784 4650 1825 4697 est
1841 4641 1897 4707 bb,
1917 4643 1969 4695 eci·

333 4750 381 4804 cst
396 4748 511 4818 primum
534 4752 661 4817 paranete
681 4742 874 4814 hyperboleon,
895 4742 976 4796 idest
992 4738 1075 4804 ebur,
1091 4737 1126 4794 ad
1177 4734 1332 4798 licetotttu,
1348 4730 1466 4789 auferam
1480 4733 1585 4787 tertiam
1599 4741 1714 4800 partem,
1728 4742 1809 4785 erunt
1821 4731 1904 4785 luit.
1917 4728 1966 4797 Qui

334 4851 413 4895 neten
424 4822 624 4909 hyperboleon.
642 4832 669 4888 id
688 4844 730 4887 est
742 4830 825 4893 boot,
846 4830 950 4885 obtinet
970 4826 1124 4883 distantium
1178 4828 1279 4884 eisdem
1299 4826 1435 4897 conjuncti
1458 4824 1558 4879 socient
1574 4824 1720 4893 tuncque
1738 4823 1969 4892 uocabiturpnro-

333 4941 437 4995 tonnnt,
454 4927 525 5000 qurud
537 4927 581 4981 tali
597 4924 687 4980 notulu
703 4921 887 4992 inscripsimus
901 4906 929 4974 i.
945 4919 1048 4973 Rursus
1064 4917 1125 4972 trite

334 5021 518 5092 hyperboleon
532 5014 660 5073 diatonici
673 5014 791 5085 generis,
806 5025 867 5081 uum
877 5007 1015 5073 escleto,
1030 5007 1064 5062 ad
1080 5022 1127 5077 pa-

332 5119 445 5167 raneten
457 5108 639 5182 hyperboleon
650 5102 777 5160 diatonici
792 5101 909 5171 generis,
920 5112 980 5171 que
991 5105 1033 5153 εει
1041 5094 1124 5164 2592,

332 5216 427 5259 rursus
441 5199 546 5256 obtinet
555 5195 733 5251 differentiam
748 5207 828 5264 nuum
843 5188 926 5245 simili
940 5196 1002 5242 note
1018 5185 1126 5259 insigni-

332 5293 420 5349 ritnuo
435 5272 462 5344 i.
479 5289 545 5345 Note
559 5297 649 5342 autern
662 5285 873 5354 diezeugmenon
897 5280 930 5335 ad
942 5279 1004 5334 trite
1024 5278 1123 5352 hyper·

1179 4931 1263 4982 mese,
1281 4915 1304 4970 ll
1325 4916 1411 4993 littera
1436 4915 1590 4969 subnotato.
1612 4913 1679 4973 ltere
1703 4912 1784 4981 igitur
1800 4913 1969 4984 diezeugme-

1178 5019 1243 5071 non,
1260 5004 1286 5060 id
1298 5013 1341 5060 εει
1353 5004 1435 5072 onir,
1447 5003 1480 5059 ad
1495 5019 1598 5071 mesen,
1614 5004 1639 5059 id
1653 5012 1696 5059 εει
1705 5001 1786 5066 0008,
1798 5004 1927 5070 quoniam
1941 5004 1968 5058 in

1177 5095 1352 5165 eesqnirltere
1366 5094 1566 5164 comparatione
1583 5092 1717 5159 consistit,
1733 5092 1855 5161 diapente
1868 5106 1970 5146 conso-

1178 5188 1254 5244 nabit
1279 5187 1479 5259 symphoniam.
1499 5185 1600 5242 liadem
1622 5201 1689 5242 reru
1710 5193 1770 5242 nete
1796 5183 1968 5255 diezeugme-

1177 5297 1243 5347 non,
1259 5280 1339 5338 idest
1352 5280 1435 5349 5070,
1451 5281 1484 5348 nd
1497 5294 1665 5351 purumesen,
1678 5279 1755 5336 idest
1770 5278 1852 5346 lbet,
1864 5295 1925 5349 pure
1933 5280 1967 5334 ad

333 5383 441 5446 boloon,
452 5380 529 5435 idest
539 5376 653 5441 hdlhed
665 5374 748 5441 hild,
761 5373 931 5430 semitonium
948 5370 1039 5438 relert,
1050 5370 1123 5443 quod
1177 5385 1236 5425 earn
1252 5371 1278 5424 in
1292 5369 1464 5441 sesquitertio
1480 5368 1821 5441 proportionecomposita
1834 5378 1886 5433 εει.
1895 5364 1967 5424 'dia-

333 5474 379 5529 tab
392 5452 682 5541 notulesignarimnsi
692 5484 700 5534 ;
710 5465 761 5522 hoc
774 5474 815 5522 εει
826 5473 909 5523 totum
921 5444 1037 5533 epiorum
1047 5472 1124 5518 netes
1175 5472 1299 5520 tessuron
1313 5464 1413 5547 retinet
1434 5465 1648 5521 consonantiam.
1670 5462 1699 5520 Si
1713 5463 1793 5534 igitur
1808 5464 1843 5518 nb
1857 5478 1887 5518 eo
1907 5476 1967 5532 ouo

334 5563 552 5634 diezeugmenon,
567 5570 594 5617 et
615 5568 691 5614 netes
710 5558 890 5629 hyperbo'enn
904 5555 1018 5643 duorum
1039 5562 1113 5608 tonu-
1176 5562 1218 5610 cst
1235 5563 1296 5612 nete
1312 5553 1524 5626 diezeugmenon
1544 5553 1615 5613 otiu
1630 5562 1753 5610 ocenum
1768 5554 1887 5637 auiyrorrr
1903 5566 1965 5624 par·

371 5677 520 5733 ‘Horonon
558 5673 783 5746 bSuprnrcriptir.
824 5671 909 5737 thi.
948 5665 1106 5722 ibreium.
1152 5664 1267 5721 ‘Vero
