4188 6258
142 398 197 456 ιιι
872 392 1059 457 dictim
1734 407 1786 463 eis

89 546 99 591 ,
144 516 234 587 gantis
249 530 258 573 ι
274 515 379 574 lancem
404 517 431 573 iu
457 514 646 575 sabortstlooe
666 520 768 577 uuest,
790 511 839 583 uui
866 511 947 582 gestit
959 514 987 576 Α
999 510 1125 583 aprimles
1140 512 1275 586 lipuulbus
1283 516 1451 588 scripserint,
1465 519 1595 576 triticeam
1611 534 1726 578 mutem
1739 537 1786 593 pa-

143 608 244 668 audiri.
272 608 412 669 institutor
442 609 555 663 uirmtis·
573 607 683 678 plausus
710 605 836 662 excludat
851 621 858 659 :
873 605 942 660 bene
997 603 1084 660 liurus
1096 604 1236 677 sup'erabit
1247 618 1275 664 et
1285 608 1388 664 lulium.
1402 609 1495 669 liunus
1508 611 1657 669 Palladium
1673 625 1700 671 et
1717 629 1786 675 carta

146 712 254 763 tuurata
267 700 357 757 oratio
371 700 488 770 imperet
501 698 571 769 quod
582 697 687 757 suadet
699 696 761 753 liare
773 697 795 750 si
806 695 942 766 explicare
993 710 1107 753 nemora
1143 698 1233 754 baccis
1259 700 1380 770 plurimis
1400 690 1505 758 cultura
1532 706 1685 776 locupletat.
1711 708 1786 766 india

145 806 254 865 murteo
267 793 393 848 tueulute
405 788 523 858 dicendi,
540 803 631 845 amare
645 797 735 844 tamen
754 786 836 843 didici
850 785 941 841 consi-
991 787 1079 843 multu
1093 787 1192 845 sudore
1205 804 1259 860 quo
1280 805 1310 847 se
1332 791 1416 863 iactat
1444 792 1577 850 hebenum
1590 797 1683 853 nutrit
1696 797 1785 855 Sabaei

143 884 286 941 deratioue
295 881 427 953 propositi
437 889 464 936 et
478 880 596 937 lectione
608 878 726 935 consilii.
740 874 939 945 Perseuadem
990 879 1065 949 virga
1080 880 1193 950 cespitis
1211 895 1291 937 manu
1305 891 1431 939 cessante
1448 898 1502 940 non
1518 874 1635 957 prolicit.
1649 886 1785 947 industria

144 976 288 1048 probitatis
304 983 357 1041 est,
381 974 405 1029 si
425 972 537 1043 implere
555 985 687 1042 nequeas,
716 983 798 1025 nosse
816 966 938 1023 meliora·
990 968 1066 1039 iecit,
1089 970 1160 1040 quod
1184 972 1344 1030 Ριιιιιιιιιὶι
1365 989 1441 1031 rosas
1464 976 1573 1032 dumeta
1598 966 1782 1050 pepererunt}

143 1069 273 1145 &quitur
292 1067 472 1123 examinatam
495 1064 672 1121 intentionem
695 1060 808 1119 edoctus
825 1060 937 1130 operis:
990 1078 1058 1134 quas
1071 1064 1106 1120 de
1119 1065 1216 1136 spinis,
1228 1081 1278 1123 eeu
1293 1075 1372 1123 terrm
1382 1066 1483 1137 sidera,
1504 1067 1582 1125 labor
1595 1070 1689 1145 eripit.
1705 1058 1782 1127 Felix'

142 1161 284 1231 maiolus
295 1160 425 1228 magistro
435 1166 488 1223 est,
499 1158 545 1228 qui
560 1156 647 1227 diligit
662 1160 821 1212 ornamenta
833 1150 937 1209 dodtri·
989 1169 1032 1215 ast
1041 1160 1180 1229 operantis
1194 1146 1331 1228 immittis,
1343 1161 1467 1232 quotiens
1477 1160 1564 1234 glebis
1575 1160 1706 1220 uberibus
1721 1178 1781 1219 ma·

140 1268 196 1313 tte.
212 1253 285 1309 lieus
299 1262 387 1308 tamen
413 1251 469 1307 toti
489 1265 521 1307 se
542 1250 670 1306 comitem
689 1249 843 1319 juuguttet
864 1243 937 1316 quod
989 1263 1040 1304 uus
1053 1249 1293 1307 adliibetur.'lunc
1308 1250 1380 1308 lesse
1394 1251 1781 1311 bracbiasuccoedbsaerale·

140 1345 255 1405 uerutis
268 1353 418 1415 praceptm
435 1342 596 1400 commendo
618 1342 776 1412 cespitibus,
806 1338 938 1410 inponis
989 1340 1088 1396 tudinis
1103 1343 1294 1411 intumescunt,
1310 1342 1419 1414 quando
1432 1346 1567 1414 integrum
1582 1343 1660 1401 leuus
1673 1345 1780 1401 rurico-

141 1445 269 1508 termomn
280 1437 314 1493 de
325 1435 497 1493 hereditaria
512 1435 687 1506 possessione
697 1434 854 1506 decerpam.
988 1430 1022 1486 lis
1034 1445 1098 1485 arsa
1109 1430 1264 1487 dissolvunt
1279 1448 1287 1486 ι
1300 1432 1420 1488 nacitur
1434 1432 1556 1489 exercitii
1572 1434 1737 1491 desiderium
1745 1434 1781 1491 de

437 1526 551 1585 {ildito
571 1526 639 1582 itit.
987 1519 1125 1579 fertilitate
1144 1522 1267 1578 telluris:
1281 1515 1436 1579 vomeribus
1455 1523 1588 1595 agendum
1611 1516 1663 1593 est,
1678 1536 1709 1580 ut
1725 1538 1789 1595 per

101 1607 108 1612 ’
142 1615 291 1688 Preietio¹
306 1617 379 1677 dite
395 1615 650 1699 demonupmudo
663 1617 692 1671 iu
705 1614 837 1671 uuddmio
851 1615 935 1670 trudi·
987 1616 1110 1686 palmites
1134 1615 1327 1673 exuberetdus
1342 1618 1475 1673 autumni.
1491 1617 1634 1689 Nunquam
1649 1631 1781 1688 spumau-

374 1697 464 1747 ΨΜ*
478 1684 599 1745 ”mim
627 1685 655 1743 V·
671 1686 704 1743 ⁸·
987 1708 1022 1764 tia
1038 1710 1120 1767 labris
1146 1720 1233 1767 musta
1253 1711 1361 1776 meruit,
1381 1712 1433 1768 nisi
1453 1714 1499 1782 pul
1523 1698 1618 1767 uitium
1642 1711 1779 1768 luxurient
1803 1694 1809 1703 ’

372 1792 550 1845 ilcllfflfflssl
569 1792 700 1835 mmm·
737 1865 743 1878 ι
841 1866 847 1879 ,
985 1817 1067 1857 ouria
1091 1803 1158 1859 laice
1176 1798 1372 1859 resecarltz'et
1395 1805 1424 1860 in
1449 1804 1565 1861 dirersis
1583 1803 1701 1860 coitibus
1720 1804 1780 1875 plus

177 1869 309 1939 0⁰⁰⁸30¹l⁵
324 1869 425 1949 dd¹⁰¹¹¹¹
444 1867 581 1947 ss⁰i⁰⁰¹¹¹⁸=
595 1877 643 1924 ³¹¹¹
663 1880 759 1922 ΜΒΝ
778 1879 874 1938 ⁰⁸2⁸*oe
886 1880 934 1939 W
948 1892 973 1956 Ι
986 1908 1065 1962 quatu
1079 1893 1134 1948 uini
1155 1895 1304 1963 acciperet,
1325 1894 1439 1965 liquoris
1458 1893 1563 1950 edodit.
1579 1893 1652 1949 Talis
1674 1903 1715 1949 est
1731 1907 1780 1948 na-

142 1961 372 2045 qssdfaedffl‘miffl
392 1960 487 2021 mciii
500 1960 607 2042 W¹¹⁵⁰s¹⁸
623 1960 775 2026 viduantur,
796 1970 823 2023 “i
837 1958 871 2015 ⁹⁰
886 1961 935 2016 ¹¹⁰·
988 1993 1046 2040 tura
1070 1986 1222 2040 mortalium
1245 2003 1252 2038 ι
1272 1986 1326 2042 rite
1348 1996 1543 2058 comparantur
1565 1986 1684 2043 arbustis
1702 1984 1780 2042 rudi-

139 2062 198 2133 ¹9⁰1
210 2068 337 2109 mmmm
353 2053 531 2133 ¹⁸⁰¹¹¹²¹¹i¹¹¹¹¹l
545 2053 634 2113 ⁰⁰¹³*st
644 2066 755 2121 gemell
768 2051 933 2123 idlfflliiw‘·
986 2086 1077 2130 rueota
1090 2075 1276 2144 paruulorum.
1292 2076 1367 2145 Quos
1381 2087 1523 2148 postquam
1544 2084 1688 2148 pareutum
1703 2064 1779 2133 solll-

139 2146 271 2219 meritum
286 2146 392 2217 cespitis
409 2144 495 2205 odore
507 2145 651 2219 signidem,
666 2152 692 2201 et
711 2155 814 2201 naturae
827 2144 934 2213 genium

141 2239 231 2310 prima
255 2239 356 2297 risione
368 2247 501 2321 testatur:
516 2238 644 2317 poenituri
662 2251 694 2295 se
711 2252 765 2293 nou
780 2247 882 2308 patitur
895 2236 935 2293 le-

139 2340 203 2391 tura
221 2332 359 2388 sublimis:
374 2332 457 2401 decus
465 2332 531 2409 clari
541 2330 679 2403 sanguinis
689 2345 743 2389 uou
752 2341 859 2415 terretur
872 2329 934 2385 ubs-

137 2422 270 2503 condito:
291 2438 346 2479 uos
373 2423 481 2480 tnuudte
499 2423 613 2492 originis
640 2424 703 2479 lieet
723 2423 749 2485 in
771 2423 931 2488 recessibus,

136 2529 249 2589 semper
275 2514 394 2593 auditur.
417 2512 470 2575 Sed
485 2513 611 2584 quamuis
632 2514 667 2569 ita
688 2527 718 2569 se
737 2528 781 2569 rus
805 2512 932 2577 babeant,

136 2604 315 2663 humanitatis
334 2605 458 2675 interest,
482 2621 535 2661 uou
552 2615 644 2665 tacere
663 2603 735 2675 uliud
756 2604 935 2679 gestiaszpu·

136 2714 200 2756 rum
219 2699 334 2771 suscipit
354 2700 455 2766 utteris,
479 2698 526 2771 qui
550 2697 622 2770 quod
645 2698 697 2757 seit
711 2711 804 2755 eruore
822 2697 931 2767 dignum

137 2807 215 2861 esse,
230 2772 421 2849 commendet}
438 2791 551 2855 feritatis
563 2790 698 2873 rupeculam
712 2804 767 2873 non
779 2790 872 2855 evitat,
886 2788 932 2871 qui

137 2900 198 2941 uun
209 2883 315 2940 lestinat
327 2897 462 2949 asserere,
476 2882 548 2955 quud
565 2882 668 2943 meritis
686 2881 760 2941 uouit
772 2895 833 2937 esse
847 2878 930 2950 placi·

138 2987 243 3035 turum.
256 2978 332 3035 illem
347 2977 459 3033 laudare
473 2978 534 3048 quis
544 2976 660 3035 abnuat?
672 2975 795 3049 attollere
809 2974 875 3033 solis
885 2986 931 3033 ra·

984 2165 1076 2223 citudo
1094 2182 1110 2222 a
1132 2169 1227 2224 matris
1248 2169 1340 2225 radice
1364 2168 1510 2240 decerpsit,
1528 2168 1723 2241 prouidendum
1736 2176 1780 2225 est

984 2262 1026 2312 oui
1042 2259 1101 2317 solo
1110 2257 1186 2327 justa
1201 2268 1263 2313 uota
1282 2260 1466 2317 commendet.
1480 2256 1779 2316 Postdeliberttlonent

984 2349 1142 2405 ductoribus
1155 2348 1216 2418 jura
1230 2362 1322 2405 nostra
1335 2344 1637 2411 massiliensibus
1648 2351 1717 2407 dunt
1734 2350 1777 2407 io·

984 2440 1123 2499 stitutione
1144 2441 1244 2510 uestri,
1267 2458 1336 2512 uuus
1361 2443 1438 2499 nubis
1459 2450 1555 2500 satore
1582 2443 1776 2501 concesserit:

984 2541 1049 2591 tunc
1070 2533 1165 2604 incipit
1178 2535 1230 2589 sibi
1251 2543 1357 2591 tautum
1372 2536 1523 2595 studiorum
1543 2536 1607 2592 lima
1621 2535 1776 2602 uindicare,

983 2633 1112 2696 (ιιιιιιιιιιι
1126 2626 1203 2697 oripo
1224 2627 1268 2682 uix
1292 2628 1518 2698 pratalettdleue
1539 2628 1611 2685 euim
1626 2641 1679 2683 nou
1703 2628 1777 2694 iuju-

984 2719 1053 2777 rium
1067 2726 1119 2785 eet,
1136 2719 1206 2779 rioci
1222 2720 1375 2790 prosapiem
1392 2721 1541 2777 collatione
1553 2721 1682 2779 doctriua
1694 2737 1701 2774 :
1713 2722 1777 2792 quia

984 2808 1069 2875 patris
1083 2808 1200 2867 cilicium
1222 2808 1303 2867 babet
1323 2809 1455 2867 luxuriem
1477 2810 1620 2878 comitem
1632 2818 1778 2881 praeceptu-

982 2899 1031 2965 ris,
1048 2900 1258 2956 sollicitudiuem
1274 2901 1399 2971 :genitor
1410 2902 1439 2957 tlt
1451 2902 1565 2971 deliciis,
1585 2901 1722 2957 institutor
1736 2900 1777 2954 ia·

982 2990 1095 3051 boribus
1108 3010 1114 3049 ι
1128 2993 1279 3051 libertatem
1300 2995 1377 3061 oripo
1401 2996 1504 3062 tribuit,
1526 2994 1637 3065 dignum
1651 2992 1776 3049 libertate

135 3070 198 3126 (¹5⁰⁸
209 3069 270 3153 llll}
285 3077 385 3125 millii!
400 3068 521 3141 (Ιΰιῑῑῧθῑ
537 3077 616 3125 Πθθῑθ
636 3065 810 3127 ⁸⁹¹¹¹¹⁰¹¹l¹l¹¹²
831 3066 855 3131 ⁵1
870 3064 930 3123 ¹¹¹0·
982 3083 1100 3138 monitor
1111 3083 1182 3138 lucit.
1200 3084 1370 3153 sipunculi
1386 3093 1505 3139 vestrum
1519 3095 1571 3148 est,
1585 3083 1657 3155 quod
1679 3081 1775 3137 lauda-

136 3166 202 3247 Μ
217 3164 376 3247 millimi-
396 3172 505 3237 lllaeilii
514 3164 612 3231 oratio,
633 3163 668 3223 ib
689 3164 748 3235 il⁸⁰
763 3159 930 3241 iiiilllidl·
982 3184 1025 3229 tur
1046 3174 1073 3229 iu
1096 3174 1206 3233 bomine
1223 3188 1324 3233 :remo
1344 3174 1430 3241 enim.
1452 3175 1476 3231 si
1497 3174 1568 3232 desit
1589 3175 1774 3231 testimouium

137 3261 279 3341 pultamm.
298 3258 404 3329 Proprii
424 3272 488 3330 erge
503 3259 590 3333 mario
605 3272 658 3321 nott
674 3255 791 3315 turberis
817 3253 928 3326 ingenii,
941 3269 969 3336 n
983 3264 1124 3330 iucundis,
1140 3265 1242 3334 peterit
1255 3264 1404 3336 praedicare
1421 3266 1493 3336 quud
1512 3266 1659 3323 nascimur.
1676 3265 1774 3336 Splen-

138 3352 247 3423 oriolo
263 3350 464 3433 eloquimini
479 3349 566 3421 pretio
585 3357 717 3419 sistente
735 3346 931 3429 euuuusuu-
983 3356 1077 3427 ouen
1104 3354 1216 3413 unitio
1239 3357 1330 3427 proin
1352 3356 1461 3428 tingue,
1488 3372 1569 3429 quan
1591 3357 1776 3415 sissinium

138 3452 222 3521 vilui
233 3460 240 3497 τ
252 3443 360 3513 elidere
374 3457 452 3499 “¹⁸⁰⁸
466 3441 537 3525 ¹³⁸⁰?
549 3441 679 3512 d‘diffisi
690 3441 830 3521 imbellis?
843 3456 849 3496 1
862 3439 932 3511 1¹9¹·
982 3464 1073 3527 praeco
1086 3450 1203 3521 pencris.
1218 3450 1339 3521 magistri
1354 3450 1515 3521 beuedeium
1532 3468 1540 3506 ι
1555 3450 1717 3508 ineruditata
1728 3465 1777 3507 no·

137 3542 198 3617 ten
211 3533 320 3607 impacti
336 3533 427 3597 orieris
438 3533 600 3591 sollertiis·
615 3531 668 3597 sud
683 3548 731 3609 our
745 3532 831 3611 loidis
847 3531 932 3603 imu-
981 3542 1193 3601 titiruscuiesu
1207 3556 1305 3603 nunus
1317 3543 1434 3613 supine
1449 3544 1693 3615 tortuosissimo
1711 3558 1774 3598 ne-

137 3625 252 3707 vimus?
262 3627 388 3695 Praesenti
396 3626 600 3703 adolescentulo
613 3626 711 3682 militat
723 3626 832 3697 pratum
842 3639 933 3681 nuria·
982 3633 1097 3699 tiuribus
1106 3632 1221 3691 uinculis
1235 3641 1401 3704 perutilem
1412 3634 1520 3691 erratici
1534 3634 1652 3704 pai-itis
1666 3634 1775 3703 lapsus:

139 3718 193 3783 ⁸1⁰,
207 3731 285 3788 illem
298 3717 448 3774 redditum
468 3715 501 3771 ιι]
517 3732 643 3788 proavos.
659 3722 712 3781 ¹¹0i‘1
727 3716 930 3775 denuntiatione
982 3725 1042 3781 siue
1055 3724 1150 3785 sobole
1160 3738 1250 3789 ramos
1265 3724 1338 3785 ierro
1353 3725 1474 3794 castiga:
1489 3725 1632 3785 sorellum
1646 3724 1776 3794 cespitem

137 3827 283 3885 augurum,
299 3811 345 3869 sed
361 3822 422 3883 post
439 3813 520 3871 iteum
533 3812 614 3883 ipltus
626 3828 674 3887 spe
686 3813 750 3867 mibi
764 3821 861 3871 restrae
873 3826 932 3881 per·
983 3816 1039 3875 loru
1063 3832 1117 3888 quo
1137 3826 1233 3875 cuncta
1258 3814 1424 3877 lructiilcare
1451 3816 1540 3884 eules,
1565 3816 1669 3873 uttullo.
1692 3815 1778 3870 liubet

137 3905 267 3962 lectionis
281 3904 402 3977 spondeo
417 3921 424 3961 ε
437 3921 487 3963 uec
500 3905 616 3963 loturum
632 3905 931 3979 omniumomniuni
982 3906 1141 3963 adolescens
1163 3913 1266 3974 noster,
1290 3905 1470 3977 uttodcuupue
1493 3905 1527 3961 de
1550 3909 1607 3962 suis
1635 3907 1777 3974 respexit,

139 4006 169 4055 te
179 4000 222 4056 isti
238 4014 351 4056 suorum
371 4014 449 4069 posse
464 3997 589 4077 reddere,
612 4015 691 4075 prtem
706 4000 767 4057 aliis
783 3996 931 4056 contulisti.
983 3998 1054 4068 quud
1069 4007 1197 4066 muitetur
1214 4014 1221 4050 ι
1237 3997 1315 4055 uubis
1330 3997 1422 4067 crede,
1441 4004 1519 4055 acius
1533 4006 1573 4059 tot
1587 3999 1706 4057 stimolis
1716 4013 1778 4069 per·

138 4089 234 4147 Potest
253 4090 328 4147 enim
342 4090 420 4151 iacile
434 4099 554 4157 ueterum
565 4090 663 4169 deeora
677 4090 820 4156 suscitare.
835 4089 878 4145 coi
893 4088 933 4155 las
984 4091 1069 4154 volat.
1085 4090 1206 4160 quolibet
1226 4091 1347 4157 scientia
1361 4090 1443 4151 luerit
1455 4105 1548 4163 equor
1562 4090 1700 4162 ingressus
1716 4108 1723 4145 ε
1738 4089 1778 4145 lo·

137 4194 179 4239 esi
195 4198 266 4238 nura
281 4194 451 4259 construere.
465 4181 524 4241 Non
539 4182 634 4253 credas
650 4185 708 4243 bec
722 4197 782 4239 esse
796 4181 880 4239 solius
892 4182 933 4241 iu·
984 4183 1073 4238 dietnr
1084 4184 1216 4253 prosapiae
1231 4197 1287 4239 suae
1306 4182 1457 4241 calcaribus
1474 4198 1542 4253 :per
1555 4190 1594 4243 tul
1608 4182 1719 4243 ordines
1734 4183 1779 4239 ui·

137 4274 287 4329 eltamcuta
304 4272 443 4333 laoundiae.
455 4273 516 4332 'libi
530 4273 574 4329 tini
589 4288 748 4349 cuttccssum
759 4282 810 4341 esp,
824 4272 933 4333 clarita·
985 4270 1021 4353 bil
1035 4272 1088 4331 uriel
1106 4269 1178 4341 quod
1197 4270 1231 4327 ed
1251 4268 1356 4327 litteras
1377 4271 1483 4342 inritat,
1506 4275 1619 4333 intonit.
1634 4272 1694 4329 Stat
1714 4286 1780 4331 ecee

139 4350 194 4419 tem
211 4373 257 4418 aut
282 4365 359 4433 darc,
385 4372 432 4419 aut
458 4379 585 4434 reparare
610 4364 756 4435 majorum.
774 4364 854 4423 Stant
872 4371 934 4423 onte
984 4372 1048 4419 ante
1069 4373 1096 4433 pe
1115 4362 1243 4434 paruulus
1264 4371 1356 4421 noster
1378 4362 1501 4422 ielicibus
1521 4364 1668 4425 initiandus
1687 4365 1779 4434 auspi·

138 4457 233 4511 ocuios
250 4465 312 4511 tuos
333 4472 385 4513 uuo
400 4472 503 4515 annosa
518 4461 595 4529 pueri
620 4467 806 4528 monumenta,
830 4459 877 4519 scd
891 4474 934 4521 re·
985 4455 1035 4512 ciis
1050 4472 1057 4509 :
1072 4463 1100 4529 et
1114 4454 1183 4510 siout
1195 4452 1261 4524 justi
1275 4452 1363 4513 lrostia
1378 4453 1550 4513 devotionem
1565 4455 1721 4513 sacerdotis
1732 4469 1779 4511 ex·

138 4548 240 4604 tentia.
257 4546 385 4602 Petiliam
406 4557 479 4605 tuam
499 4547 634 4605 Firminus
647 4557 675 4609 et
696 4548 829 4617 bicerius,
843 4549 931 4609 utatis
986 4545 1115 4620 posulat.
1132 4545 1274 4603 Pateruaiu
1291 4544 1417 4609 conuenit
1431 4558 1479 4601 ore
1493 4545 1634 4617 pietatem,
1648 4552 1678 4599 ut
1691 4542 1780 4614 quali·

138 4651 195 4692 urae
219 4637 323 4704 sidera,
343 4638 393 4693 irae
408 4654 474 4695 tuce
494 4640 667 4699 conveniunt.
691 4641 815 4709 Suscipe,
837 4639 935 4699 doctis·
948 4636 1034 4707 libet
1047 4638 1170 4699 oratioue
1183 4635 1358 4697 constitutum
1374 4635 1400 4691 iu
1420 4636 1484 4695 ritae
1497 4635 1590 4697 limine
1609 4632 1780 4701 commetrdet

139 4731 208 4785 sime
226 4729 380 4800 bominum,
403 4732 542 4805 utriusque
556 4734 673 4805 plantam
689 4733 806 4797 familiar,
824 4742 851 4793 et
873 4734 933 4791 cul·
988 4731 1138 4799 interulam,
1152 4744 1230 4809 qoam
1245 4727 1279 4785 de
1294 4728 1450 4801 parentibus
1466 4743 1519 4784 uuo
1534 4740 1664 4793 sermone
1683 4725 1779 4794 eripit

138 4836 213 4877 mum
238 4821 268 4877 iu
289 4837 343 4893 quio
366 4824 490 4894 prouidus
509 4825 606 4901 aristas
622 4826 709 4895 parias
739 4825 873 4893 secundus
893 4834 934 4883 at·
988 4823 1035 4879 sed
1054 4820 1117 4893 quid
1139 4820 1275 4876 desideret
1295 4835 1373 4889 error
1388 4820 1524 4885 ostendit3
1538 4819 1660 4888 cogimur
1681 4818 1780 4885 subre-

140 4912 231 4969 tende.
248 4913 473 4985 Scalpdsaroulis
485 4916 599 4973 uberem
615 4900 724 4985 terrem,
738 4932 797 4991 pun
811 4916 834 4973 si
849 4918 934 4987 nostri
989 4914 1047 4993 nire
1068 4912 1095 4979 iil
1120 4910 1281 4997 piiisilldle
1296 4909 1411 4987 pomuli,
1434 4925 1513 4980 utram
1529 4908 1644 4973 termido
1666 4908 1780 4969 manue·

139 5012 181 5060 est
196 5005 329 5076 perminis
357 5005 449 5073 llbula,
471 5006 500 5062 iit
522 5010 575 5065 tuis
590 5009 712 5078 prolecto
734 5008 872 5089 lubttribus
891 5024 934 5071 re·
988 5016 1051 5089 stat.
1068 5004 1178 5081 Spoude
1197 5004 1251 5071 tuis
1271 5002 1584 5074 adolescentule'digne
1600 5003 1779 5075 primordiis:

139 5082 285 5167 sponsore.
299 5097 427 5153 docendo
439 5099 508 5154 libro
523 5099 681 5181 adolescere
696 5102 820 5161 maritata
832 5101 936 5172 planta·
990 5113 1064 5170 spem
1079 5096 1192 5169 polidam
1205 5095 1239 5157 de
1253 5106 1296 5154 tua
1309 5092 1472 5167 perlectione
1482 5093 1650 5163 concipimus
1661 5109 1669 5149 ι
1679 5094 1778 5151 Ιιιιιιιιιιι

139 5184 178 5241 ria
194 5202 204 5241 ι
220 5186 321 5243 novelli
335 5172 461 5244 dentibus
475 5190 581 5263 virgulti
597 5168 712 5259 [ructum
728 5189 829 5247 striculi
842 5191 937 5249 melio·
989 5191 1127 5263 ingenium
1143 5188 1248 5245 doctori
1258 5188 1359 5263 optimo
1370 5189 1566 5259 maricipomus.
1580 5186 1656 5245 sicii
1667 5186 1722 5258 jain
1735 5201 1780 5242 ru·

142 5278 179 5334 ris
200 5264 401 5336 accommoda:
417 5282 506 5337 ustulat
529 5262 671 5355 pomorum
695 5299 848 5355 successus,
874 5285 936 5343 dum
989 5283 1107 5340 dimeuta
1124 5294 1255 5341 reserare
1279 5278 1383 5349 collegii
1397 5296 1404 5331 ι
1418 5277 1450 5337 ud
1465 5278 1581 5335 Latiaris
1599 5277 1681 5335 curie
1699 5275 1780 5348 proit-

143 5385 190 5426 ore
206 5384 301 5428 tenero
314 5374 457 5433 sublimior
469 5362 505 5431 ab
521 5378 569 5457 illo
589 5385 615 5433 te
628 5378 744 5457 docente
755 5356 847 5451 planta
862 5395 937 5441 mor·
955 5439 965 5467 ⁶
988 5377 1067 5432 ciuitt
1090 5373 1192 5440 sidera,
1211 5383 1280 5443 quos
1294 5370 1368 5429 uides
1390 5370 1515 5439 scintillis
1538 5369 1651 5449 titudicls
1666 5366 1781 5425 loturum

145 5466 222 5521 detur
236 5484 244 5522 ε
259 5468 321 5538 quia
338 5468 389 5549 nisi
409 5469 556 5531 edomitam
567 5477 670 5529 terram
691 5482 784 5546 terque
799 5484 826 5531 ct
841 5486 938 5549 quater
992 5470 1082 5525 lumen
1109 5463 1263 5529 ostendere.
1290 5463 1346 5543 iluc
1367 5478 1433 5523 suos
1445 5465 1545 5521 dixisse
1565 5460 1680 5517 suldciat
1694 5475 1701 5511 :
1715 5455 1779 5511 milii

180 5596 330 5727 Ῥιωέιιὶι
355 5602 425 5654 dictu
443 5600 585 5676 Lupicino]
610 5604 769 5673 Lupicinum
796 5605 963 5676 Errprepiae.
994 5602 1064 5673 quiid
1088 5599 1195 5668 uuidem
1209 5612 1241 5653 ex
1261 5597 1390 5654 Vaticano
1412 5602 1504 5661 codice
1520 5593 1779 5653 Commentariorum

143 5674 244 5727 sororis
282 5670 377 5727 uuodii
392 5670 658 5731 illiumlbisseuose
677 5674 937 5733 istuludumerunr:
994 5674 1056 5731 loiri
1080 5672 1196 5727 essoris
1224 5668 1380 5734 didicimus,
1406 5671 1432 5722 in
1456 5684 1510 5737 utto
1535 5666 1568 5722 id
1594 5662 1655 5719 libii
1677 5661 1780 5720 0⁸¹0&st

145 5737 188 5822 bic
201 5751 349 5823 utrumque
368 5741 426 5810 elue
441 5756 520 5799 suum
534 5745 633 5811 prodit,
650 5692 798 5802 dirminum
817 5757 844 5810 ei
863 5748 940 5803 bloo-
994 5746 1142 5870 osculamur
1152 5748 1226 5825 erat:
1238 5738 1326 5825 iulius
1338 5739 1426 5821 celsus
1440 5738 1620 5822 Constantinus
1633 5731 1693 5808 leui.
1713 5729 1779 5791 ite·

147 5824 217 5869 stum
232 5825 248 5865 a
263 5811 363 5878 ouibus
375 5823 404 5868 et
414 5817 573 5884 cognomina
585 5816 620 5872 de
635 5832 710 5872 more
727 5821 841 5887 sumpsit
856 5835 863 5871 ε
877 5830 939 5873 nem
992 5819 1049 5873 uiue
1090 5829 1172 5869 ιιιιιι
1183 5810 1314 5866 Firmium
1326 5809 1464 5881 depluunt
1478 5809 1538 5887 lepr.

152 5878 260 5947 itarius
270 5881 394 5940 uicerim
406 5882 541 5943 Firminus
555 5886 702 5959 lupicinus
715 5888 863 5959 appellatos
875 5895 917 5947 etl
930 5905 938 5946 ι
1028 5886 1129 5943 ’Forte
1139 5884 1226 5958 diptia-
