4198 6250
248 400 253 406 .
306 358 375 414 teth
929 360 984 417 hh.
1003 359 1107 417 heht.
1127 307 1336 416 schretlein
1441 350 1448 363 ⁸
1878 362 1961 417 tatto

230 454 232 461 ¹
306 473 432 545 hypaton,
445 468 547 545 hypatex
564 464 670 540 meson,
685 486 770 539 meso,
796 480 860 529 nete
872 486 1090 545 synemmenon,
1108 477 1184 534 hest
1196 471 1217 527 l.
1227 471 1261 526 ad
1276 471 1315 537 ὓς
1330 470 1466 541 pointnab
1479 488 1512 530 eo
1530 474 1601 544 quod
1613 482 1655 530 est
1666 474 1738 555 llad
1751 474 1796 539 ῦς
1819 486 1905 531 sexta
1916 478 1957 533 ab

305 557 455 635 paramese,
477 572 539 621 neto
560 563 785 634 diezeugmenon,
809 563 1071 637 netehyperboleon
1085 582 1095 632 ;
1147 576 1180 617 eo
1194 564 1265 632 quod
1280 573 1323 619 est
1338 564 1390 620 lad
1404 565 1445 631 h;
1461 565 1575 635 septima
1592 565 1671 623 abeo
1686 570 1756 635 nitori
1770 575 1813 623 est
1828 567 1851 622 ll
1865 569 1903 621 ad
1915 567 1953 624 A.

226 631 228 635 ἲ
303 656 418 713 mobiles
427 670 492 711 nero
501 669 568 726 qma
583 657 721 726 lychanos,
736 656 777 713 nel
789 667 952 727 paranetas,
975 660 1017 715 rel
1039 659 1098 715 dia:
1147 652 1242 723 Liquet
1257 654 1338 725 igitur
1353 671 1386 711 es
1398 655 1439 712 his
1449 672 1508 726 nus
1519 657 1592 713 dieta
1603 668 1677 723 sunt,
1693 659 1864 714 diatessaron
1877 675 1955 715 con·

183 4526 188 4540 ·
291 4514 386 4572 eritab
399 4532 431 4572 ea
443 4534 504 4590 puae
525 4534 566 4580 εει

302 748 417 814 tonicae,
433 747 476 801 rel
490 748 678 815 chromaticas,
705 752 747 806 nel
757 750 962 807 enharmonicas
977 762 990 791 ⁸
1006 755 1097 809 nomi·
1146 746 1299 801 sonantium
1314 747 1398 802 semel
1417 756 1519 805 tantum
1538 749 1565 803 ln
1580 749 1761 805 immobilibus
1784 748 1818 804 ac'
1835 754 1953 807 ειιιιιειε

1146 834 1258 889 rocibus
1275 828 1419 892 contineri.
1433 836 1498 891 Natu
1514 839 1537 892 si
1562 837 1597 892 ab
1618 838 1716 910 hypate
1741 838 1862 910 hypaton
1875 840 1953 895 inci·

1147 925 1326 993 piamenti
1343 928 1382 991 ll,
1402 927 1429 984 id
1443 938 1486 984 est
1497 928 1532 983 ab
1544 929 1643 1001 hypate
1665 930 1784 1001 hypaton
1799 932 1826 986 in
1845 946 1951 989 meson

1146 1016 1305 1088 hypatenea
1332 1034 1392 1090 num
1405 1029 1447 1075 est
1460 1020 1486 1074 in
1510 1021 1605 1077 ordine
1617 1023 1712 1091 prima.
1737 1023 1806 1079 Nam
1834 1034 1951 1081 caeterae

301 850 410 891 siamus.
424 837 482 891 Non
496 836 523 893 in
537 848 620 895 totum
642 841 754 899 mobiles
773 851 819 897 aut
841 844 1003 912 immobiles,
1029 862 1095 917 quas

300 926 466 998 parhypatas
480 931 555 985 tritas
569 931 597 986 iu
622 933 757 990 diatonico
772 935 814 990 nel
829 936 977 1003 chromate,
1003 939 1097 1009 lycha-

299 1029 348 1070 nos
366 1024 456 1074 autem
472 1018 514 1075 rel
528 1032 669 1090 paranetas
688 1024 716 1078 in
729 1024 922 1082 enharmonico
942 1043 1042 1099 genere
1053 1028 1097 1084 di·

298 1117 400 1163 cimus.

536 1234 541 1241 ·
600 1223 798 1301 securam.

481 1310 521 1367 lle
538 1317 762 1371 consonantiarum
775 1321 916 1390 speciebus.
951 1320 958 1331 ’

338 1420 415 1478 Nune
426 1423 461 1479 de
469 1426 610 1494 speciebus
626 1429 771 1497 primarum
785 1435 1094 1495 consonantiarumtra·

304 1513 430 1569 ctandum
443 1525 506 1581 est;
531 1518 624 1587 primas
645 1531 734 1577 autem
750 1527 932 1583 conmuamia
950 1539 1014 1585 suut
1035 1531 1094 1587 dia·

304 1615 398 1670 pason,
412 1603 547 1672 diapente,
559 1605 735 1666 diatessaron.
748 1612 858 1684 Species
869 1627 957 1672 autem
967 1628 1009 1674 est
1022 1634 1094 1690 quoe·

304 1693 367 1748 dam
392 1697 489 1764 positio
512 1700 647 1767 propriam
673 1703 776 1760 habens
806 1705 918 1771 formam
944 1712 1091 1769 secundum

255 1830 262 1840 .
304 1788 512 1858 unumquodque
525 1804 609 1860 genus
623 1792 650 1847 in
679 1795 888 1868 uniuscujusque
910 1803 1092 1873 proportionis

303 1877 508 1933 consonantiam
522 1879 644 1937 lacientls
660 1885 783 1943 terminis
794 1886 951 1956 constituta,
963 1901 991 1963 nt
1000 1891 1028 1948 in
1038 1892 1094 1950 dis·

303 1967 393 2026 sonim
406 1982 517 2038 genere.
533 1971 636 2029 llamsi
658 1975 868 2047 diezeugmenon
889 1983 1092 2041 tetrachordum

301 2053 373 2110 inter
386 2054 570 2128 hyperboleon
593 2054 793 2124 tetrachordum
811 2069 988 2144 lmesenque
1010 2090 1092 2146 ponz-

301 2158 373 2216 rutts,
402 2149 541 2207 subtracto
559 2154 664 2211 scilicet
688 2170 881 2229 synemmenon
908 2165 1091 2235 tetrachordo,

300 2417 352 2486 hec
367 2420 456 2496 [undo.
471 2423 546 2494 sith
562 2425 660 2497 hypate
677 2428 805 2501 hypaton,
899 2434 907 2489 ι

296 2519 359 2579 lou,
378 2513 510 2585 hhypate
521 2517 659 2588 lychanos,
688 2521 819 2594 libypnte
829 2541 933 2594 meson,
957 2530 1091 2605 liparhy·

197 2666 201 2671 ,
301 2610 364 2670 mle
376 2617 480 2675 meson,
498 2607 518 2663 tt
532 2607 662 2680 lychanos
677 2626 781 2681 meson,
794 2616 818 2673 G
832 2633 916 2683 mese,
933 2621 954 2675 ll
969 2636 1090 2690 parame-

298 2705 340 2759 se,
355 2692 366 2747 l
380 2695 442 2751 trite
455 2697 676 2771 diezeugmenon,
691 2703 713 2758 lt
729 2718 856 2775 paranete
865 2711 1089 2784 diezeugmenon,

299 2778 397 2841 bnete
411 2786 632 2859 cicmiigmenon,
648 2793 673 2849 ιι
689 2794 751 2852 trite
765 2797 959 2875 hyperboleon,
975 2806 998 2861 N
1012 2823 1090 2879 para·

299 2883 362 2930 ιιειε
372 2875 555 2948 hyperboleon
569 2919 578 2947 ,
607 2882 704 2942 Onete
718 2885 914 2960 hyperboleon.
937 2895 978 2950 hb
991 2896 1090 2969 hypate

298 2963 378 3031 igitur
390 2968 424 3022 ad
430 2983 589 3038 paramesen
603 2974 734 3046 diapason
745 2985 921 3040 consonantia
935 2996 989 3043 cst.
1002 2991 1022 3045 h
1035 3005 1090 3047 me

299 3069 329 3111 ne
342 3072 406 3114 asro
429 3059 462 3114 ad
478 3060 593 3135 hypaten
608 3081 712 3126 ‚meson
733 3071 912 3142 diatessaron,
939 3079 974 3133 ab
993 3080 1087 3137 cadem

298 3162 364 3203 nero
381 3165 456 3207 mese
468 3152 502 3209 ad
524 3155 657 3227 lychanon
679 3160 796 3233 hypaton
809 3165 945 3236 diapente.
967 3170 1026 3227 Erit
1038 3173 1088 3244 igi·

298 3248 343 3294 tur
355 3241 483 3313 diapason
509 3247 618 3319 quidem
637 3262 699 3310 octo
719 3256 892 3317 chordarum.
917 3262 1086 3323 biatcssamn

297 3343 363 3385 nero
377 3343 502 3404 quatuor,
517 3337 644 3408 diapente
658 3353 749 3403 autem
763 3350 896 3421 quinque.
921 3357 962 3411 hc
975 3371 1024 3428 per
1035 3357 1087 3417 hoc

298 3419 409 3478 habebit
435 3425 600 3487 diatessaron
623 3434 732 3504 quidem
757 3427 862 3512 species
877 3454 946 3513 tres,
961 3438 1087 3520 diapente

296 3521 386 3568 autem
397 3518 502 3584 specics
516 3530 640 3590 quatnor,
647 3525 776 3598 diapason
785 3545 850 3589 rcro
858 3539 1084 3612 speciesseptsm.

297 3601 463 3676 Semperque
476 3623 528 3664 una
544 3612 634 3670 minus
647 3620 752 3686 species
766 3621 820 3677 erit
833 3639 913 3694 quam
929 3628 1027 3687 inerint
1043 3649 1087 3691 ro

296 3706 353 3758 ces,
374 3704 402 3750 ut
426 3697 497 3754 enim
516 3715 621 3759 amose
639 3715 753 3766 caenas
764 3719 776 3750 ι
788 3713 944 3774 ordinamus
958 3721 1087 3781 diatessa-

197 3801 204 3819 ·
296 3797 346 3840 ron
360 3794 542 3850 consonantiae
556 3798 662 3866 species
679 3810 735 3858 tres
754 3816 834 3878 sunt,
852 3807 903 3866 hoc
914 3814 1017 3871 modo:

1033 3834 1085 3874 una

691 3894 725 3950 ad
741 3896 783 3964 b;
807 3902 925 3959 secunda
941 3921 1005 3965 nero
1018 3910 1052 3965 ab
1065 3911 1085 3967 p

294 3971 359 4025 adC
375 3989 382 4038 ;
398 3978 474 4031 tertia
487 3994 551 4039 vero
564 3982 599 4040 ab
615 3983 635 4039 E
648 3986 682 4043 ad
697 3986 731 4053 ll,
753 4001 780 4046 ct
794 3990 846 4049 leuc
860 4010 944 4066 nsque
957 3999 1085 4057 diatessa-

293 4065 460 4146 ronspecies
479 4073 695 4140 progrediuntur.
722 4079 826 4140 idcirco
844 4086 907 4156 quia
933 4091 985 4147 huc
1002 4107 1085 4163 nsque

292 4151 399 4219 species
410 4152 490 4209 binos
502 4163 623 4218 nominet
645 4181 753 4236 uersos,
770 4173 890 4243 ejusdem
904 4179 1083 4248 diatessaron,

292 4239 353 4293 tttG
369 4238 508 4310 liquidem
525 4261 573 4302 eos
587 4253 632 4316 nui
644 4264 708 4310 sunt
718 4258 742 4313 Ε
752 4259 773 4314 ι’
784 4260 798 4299 ‘¹
810 4265 959 4338 coratinsnt,
972 4269 1084 4330 Flleos

292 4327 338 4397 nui
351 4331 445 4386 suntli
461 4334 495 4400 b,
506 4345 534 4392 et
549 4340 569 4394 i}
585 4340 662 4400 Boos
679 4356 691 4384 ⁸
714 4351 856 4411 continent
865 4360 910 4428 pul
927 4362 1024 4419 suntc
1039 4365 1082 4434 ily

291 4421 314 4479 ti
329 4436 394 4478 nero
408 4424 451 4481 his
472 4429 598 4500 adjecero
615 4435 782 4532 diatessaron
798 4446 818 4503 l)
834 4451 877 4519 h,

295 3876 402 3943 quidem
424 3886 531 3953 species
544 3888 598 3947 erit
610 3890 644 3947 ab
656 3891 677 3949 G

898 4451 1003 4511 diversa
1029 4473 1082 4513 non

1094 1143 1097 1149 ψ
1147 1121 1200 1163 non
1211 1109 1318 1164 statutis
1331 1110 1443 1165 vocibus
1456 1112 1645 1178 terminantur,
1660 1122 1690 1167 ut
1702 1113 1758 1168 tte
1777 1114 1798 1169 C
1814 1113 1846 1169 ι’.
1874 1114 1950 1191 Natu

1147 1194 1159 1236 ι
1176 1198 1323 1271 parhypate
1338 1200 1455 1272 hypaton
1470 1210 1498 1255 et
1521 1202 1668 1273 parhypate
1691 1186 1798 1271 meson,
1812 1205 1950 1276 lychanos

1146 1289 1264 1359 hypaton
1276 1300 1304 1346 et
1317 1293 1445 1363 lychanos
1461 1307 1554 1348 meson
1578 1294 1691 1351 mobiles
1703 1309 1766 1350 εεεε
1782 1305 1949 1353 monstrate

1144 1388 1217 1434 sunt.
1233 1379 1310 1448 Quod
1329 1383 1351 1436 si
1366 1373 1461 1451 rursus
1479 1383 1514 1436 ab
1532 1384 1632 1453 hypate
1658 1398 1751 1439 meson
1767 1384 1947 1441 diatessaron

1144 1473 1347 1527 consonantiam
1374 1472 1544 1541 inchoemus,
1563 1475 1615 1530 erit
1642 1480 1746 1545 species
1768 1476 1947 1533 diatessaron

1144 1561 1251 1616 statutis
1265 1561 1377 1618 vocibus
1397 1564 1539 1619 terminata
1553 1564 1576 1620 G
1601 1565 1644 1635 b,
1670 1581 1701 1622 ea
1711 1581 1772 1635 qun
1787 1575 1829 1623 est
1841 1567 1945 1637 prima,

1144 1651 1223 1708 idest
1240 1652 1275 1709 ab
1289 1652 1387 1727 hypate
1404 1671 1498 1711 nasson
1513 1656 1541 1712 in
1556 1672 1659 1713 mesen.
1673 1657 1795 1729 Reliquae
1813 1660 1946 1725 minime,

1144 1751 1173 1796 ut
1187 1742 1208 1796 E
1228 1742 1250 1798 ll
1273 1750 1302 1797 ει
1317 1743 1338 1798 l'
1356 1743 1378 1798 l.
1405 1744 1472 1801 itan
1487 1746 1635 1817 parhypate
1660 1763 1753 1804 meson
1767 1761 1796 1804 et
1809 1751 1946 1821 lychanos

1108 1838 1238 1900 Buteson
1258 1843 1285 1890 et
1299 1836 1361 1892 trite
1381 1836 1592 1909 diezeugmenon
1608 1854 1661 1895 non
1686 1843 1946 1909 probanturimmc·

1143 1922 1221 1980 biles.
1236 1912 1371 1982 llursussl
1389 1928 1512 1983 eamdem
1527 1928 1695 1987 dlhtessaron
1708 1938 1944 2001 paramesesnsci

1142 2013 1199 2085 piat
1224 2014 1398 2082 ordiendam,
1427 2016 1479 2073 erit
1501 2028 1636 2091 tonoque
1655 2036 1716 2090 quas
1735 2023 1844 2078 statutis
1863 2040 1944 2080 oner-

1141 2117 1234 2163 ceztur
1244 2108 1330 2180 sonis,
1340 2107 1509 2166 diatessaron
1523 2112 1664 2184 speciesll
1680 2114 1719 2179 h,
1733 2112 1814 2170 idest
1829 2130 1846 2169 a
1861 2130 1944 2186 para-

1142 2211 1217 2253 mese
1231 2188 1335 2254 innete'
1354 2199 1583 2269 diezeugmenon,
1602 2217 1664 2274 que
1692 2211 1735 2259 est
1749 2203 1844 2273 prima.
1871 2206 1942 2262 llam

1142 2266 1248 2342 caster'te
1260 2302 1322 2357 pue
1335 2299 1398 2343 sunt
1412 2288 1421 2344 Ι
1437 2288 1535 2346 lletll
1552 2290 1574 2347 Ν
1593 2293 1738 2349 mobilibus
1756 2296 1942 2353 terminentur

1113 2608 1115 2611 .
1140 2558 1285 2628 perboieon
1301 2560 1416 2618 mobiles
1431 2574 1510 2618 noces
1520 2578 1582 2620 esse
1596 2566 1780 2634 prediximus.
1801 2567 1868 2623 ltetn
1879 2569 1939 2624 dra·

1141 2658 1221 2718 pente
1236 2648 1412 2707 consonantia
1437 2653 1504 2709 duas
1519 2657 1706 2713 tantummodo
1718 2660 1823 2728 species
1849 2668 1936 2727 tenet,

1140 2753 1200 2809 quas
1224 2743 1334 2796 statutis
1355 2743 1464 2799 nucibus
1485 2744 1667 2802 includuntur.
1691 2746 1726 2804 lit
1743 2749 1767 2803 si
1788 2749 1822 2806 ab
1835 2750 1937 2822 hypate
1965 2820 1971 2829 .

1140 2846 1234 2888 meson
1249 2834 1399 2902 ordiamur,
1410 2851 1463 2891 una
1474 2837 1582 2907 quidem
1595 2848 1637 2895 est
1651 2839 1723 2905 llll,
1737 2841 1764 2897 id
1780 2849 1822 2897 est
1834 2843 1868 2898 ab
1882 2844 1935 2914 by·

1139 2931 1202 2992 pate
1216 2938 1308 2980 meson
1321 2927 1347 2982 in
1362 2943 1529 2997 paramesen,
1546 2944 1577 2987 en
1593 2945 1652 3002 quaa
1664 2941 1706 2989 est
1715 2934 1813 3004 prima.
1838 2935 1933 2991 ittera

1139 3012 1282 3082 seruch,
1290 3015 1315 3072 id
1327 3028 1368 3073 est
1386 3019 1525 3102 ameseln
1541 3022 1621 3077 neten
1635 3018 1857 3095 diezeugmenon,
1872 3027 1934 3083 hane

1138 3118 1204 3161 reru
1214 3115 1256 3161 est
1269 3115 1373 3176 quarta.
1388 3108 1510 3180 Reliquae
1524 3127 1599 3178 nero,
1612 3112 1639 3168 ld
1653 3121 1696 3189 cst
1711 3114 1732 3168 li
1748 3113 1795 3171 let
1805 3116 1826 3171 i
1837 3116 1869 3183 lt,
1883 3119 1934 3174 rui·

1099 3186 1123 3250 C
1138 3195 1211 3251 nime
1223 3199 1331 3255 statutis
1346 3201 1458 3256 vocibus
1468 3202 1568 3259 clause
1591 3212 1664 3259 sunt.
1691 3204 1758 3261 llam
1773 3207 1930 3278 parhypate,

1138 3295 1166 3342 et
1180 3286 1329 3355 lychanos,
1354 3299 1382 3347 et
1405 3292 1479 3360 trite,
1491 3302 1523 3357 ,ει
1542 3304 1670 3363 paranete
1685 3295 1824 3353 instabiles
1837 3313 1936 3368 appru-

1138 3376 1245 3436 bantur.
1262 3380 1366 3437 Similis
1376 3391 1466 3438 autem
1478 3384 1547 3439 ratio
1559 3387 1611 3441 erit
1622 3386 1672 3442 sia
1686 3397 1748 3443 nete
1759 3386 1935 3461 diezeugme-

1138 3485 1191 3526 non
1203 3470 1229 3525 ln
1240 3472 1393 3542 graviorem
1407 3483 1526 3546 partem,
1553 3475 1579 3531 id
1593 3485 1635 3532 cst
1655 3477 1689 3532 ad
1712 3492 1821 3542 mesen,
1833 3492 1934 3534 conso·

1138 3563 1237 3618 nuntiae
1256 3562 1336 3633 hujus
1364 3566 1468 3635 specics
1490 3567 1710 3634 considerentur,
1731 3569 1835 3625 eisdem
1860 3571 1934 3626 enim

1138 3653 1321 3711 immobilibus
1336 3654 1458 3721 vocibus,
1479 3659 1675 3728 quaexsuperius
1689 3660 1854 3726 dictasunt,
1868 3674 1934 3715 eon·

1138 3743 1304 3799 tinebuntur.
1324 3745 1388 3800 Sine
1401 3754 1489 3801 antem
1503 3747 1537 3802 ab
1549 3749 1647 3817 hypate
1661 3763 1767 3816 meson,
1782 3763 1830 3804 zen
1844 3763 1860 3803 a
1874 3765 1932 3805 me·

1137 3847 1176 3903 se,
1191 3848 1265 3888 seua
1281 3849 1431 3904 paramese,
1456 3836 1515 3892 sine
1534 3837 1614 3892 etiam
1634 3852 1650 3892 a
1673 3837 1932 3910 netehyperboleon

1136 3924 1326 3979 consonantias
1341 3923 1354 3963 ¹¹
1372 3925 1405 3980 ad
1420 3928 1571 3997 graviorem
1587 3937 1691 3999 partem
1705 3929 1847 3986 ducamus.
1863 3930 1932 3985 ilua-

1136 4027 1195 4066 rum
1206 4028 1265 4083 qnae
1283 4015 1391 4069 statutis
1405 4016 1519 4072 vocibus
1532 4028 1727 4087 coerceantur,
1755 4034 1809 4075 non
1835 4022 1931 4089 poterit

1136 4117 1197 4158 csse
1214 4101 1389 4162 ‘destructio
1404 4106 1539 4178 biapasnn
1553 4123 1619 4165 nero
1629 4110 1814 4166 consonantia
1828 4111 1886 4168 sire
1898 4114 1932 4167 ab

1137 4190 1236 4261 hypate
1250 4191 1367 4264 hypaton
1386 4195 1413 4250 in
1431 4196 1678 4265 paramesen,·stve
1691 4212 1706 4253 a
1721 4199 1931 4272 netehyperbo«

1136 4282 1197 4338 leon
1213 4284 1239 4337 in
1254 4300 1347 4340 mesen
1360 4284 1429 4340 ordo
1443 4296 1576 4357 sumatur,
1589 4296 1645 4345 ires
1659 4290 1846 4346 tantummodo
1868 4305 1930 4361 spe·

1135 4374 1191 4429 cies
1203 4372 1345 4440 obtinebit,
1361 4391 1422 4447 qne
1435 4377 1736 4435 hnmohihbnsrocibus
1745 4390 1931 4439 coerceantur.

1135 4460 1243 4519 hamah
1254 4462 1372 4535 hypaten
1388 4466 1504 4538 hypaton
1515 4469 1684 4526 ordientibus
1697 4485 1750 4527 una
1759 4479 1806 4527 εει
1817 4459 1885 4537 h'h,
1897 4486 1929 4528 ea

580 4526 602 4583 d
618 4528 656 4597 b,
672 4546 753 4589 uirum
765 4537 839 4595 euim
849 4541 938 4600 solttm
951 4545 973 4602 G
987 4547 1083 4605 beon·
1096 4562 1121 4623 ῃ
1134 4569 1194 4634 ques
1205 4562 1246 4610 εει
1256 4556 1341 4627 prima
1353 4556 1494 4629 abhypatc
1506 4558 1624 4632 hypaton
1635 4561 1662 4616 in
1672 4575 1820 4630 paramese.
1837 4561 1929 4617 Altera

290 4609 419 4664 mmntie
428 4626 540 4673 nervum
551 4621 709 4693 continebit,
726 4628 751 4683 id
765 4640 807 4686 ost
823 4633 952 4697 lisoium.
981 4639 1082 4699 linces·
1135 4643 1158 4700 ll
1172 4644 1193 4699 l.
1207 4659 1239 4700 ea
1248 4661 1309 4718 quae
1323 4655 1366 4703 εει
1379 4659 1474 4718 quarta
1489 4650 1524 4705 ab
1537 4649 1636 4721 hypate
1649 4665 1744 4708 meson
1759 4654 1787 4707 ln
1801 4651 1930 4709 netetlie·

289 4698 326 4755 sit
338 4698 419 4770 igitur
433 4702 485 4760 ub
499 4712 720 4787 consonantiam,
736 4729 817 4792 atque
834 4724 894 4783 idco
910 4728 1080 4790 diatessaron

289 4798 345 4847 tres
357 4795 461 4863 species
474 4797 574 4859 habere
587 4808 752 4876 perhibetur.
765 4793 799 4871 ιιι
816 4817 844 4873 in
857 4824 962 4876 ceteris
972 4825 1080 4892 quidem

287 4888 471 4944 mnsmsnnh
482 4889 553 4949 idem
566 4906 618 4954 est.
636 4899 765 4975 biapente
779 4915 867 4964 autem
878 4920 958 4969 erunt
975 4916 1080 4985 species

287 4984 402 5046 quatuor
419 4978 470 5037 ltoc
490 4984 592 5042 modo:
609 4989 668 5046 Una
691 4995 798 5062 nomem
825 5008 867 5055 est
882 5000 903 5057 ll
918 5003 952 5058 od
967 4992 1004 5070 b;
1028 5007 1080 5065 alia

287 5067 397 5122 neroab
415 5085 448 5125 co
461 5072 531 5140 quod
549 5084 591 5132 est
605 5077 627 5133 G
642 5080 675 5136 ad
690 5082 711 5139 G
724 5100 741 5149 ;,
754 5087 805 5141 alia
820 5089 854 5146 ab
873 5105 906 5146 eo
920 5094 991 5162 quod
1005 5105 1046 5150 est
1061 5096 1080 5150 F

286 5156 319 5212 ud
333 5158 372 5226 [ις
399 5160 450 5217 alia
472 5173 561 5222 autem
575 5171 609 5225 ab
622 5186 655 5226 εο
667 5176 737 5242 nitod
748 5186 791 5234 est
804 5180 825 5235 E
837 5182 870 5236 ad
883 5184 917 5238 h.
946 5183 1079 5255 Diapason

286 5259 350 5305 uero
362 5257 545 5312 consonantiae
559 5259 665 5318 lerunt
679 5267 794 5337 species,
813 5272 864 5328 hoc
876 5273 956 5329 modo
971 5292 976 5326 :
993 5276 1078 5345 primu

285 5337 357 5395 obeo
372 5345 443 5413 quod
456 5349 530 5402 esti)
542 5349 576 5405 ad
589 5349 628 5419 G;
641 5358 759 5414 secunda
773 5360 807 5416 ab
822 5378 855 5419 eo

285 5429 324 5495 F;
344 5426 421 5489 'tertia
436 5436 469 5493 ab
481 5452 514 5495 co
526 5442 596 5512 qnid
611 5455 653 5501 εει
663 5450 686 5502 ιι
698 5447 731 5505 ad
749 5451 771 5509 ιι
786 5468 794 5515 ;
808 5465 903 5524 quarta
916 5457 950 5512 ab
964 5472 996 5514 en
1007 5456 1078 5528 qum

321 5750 480 5810 ¹l’ocnmnr.
520 5757 696 5831 bitesonpne.
739 5743 923 5824 &Ordiamur
963 5772 1188 5832 tnontiniersr.
1231 5780 1325 5839 ‘hicn
1342 5771 1459 5847 hebetur.

285 5830 336 5877 tur.
373 5822 449 5876 lin.
491 5824 666 5887 ¹distinctio.
709 5834 715 5884 i
743 5836 802 5892 lion
819 5840 920 5909 lenitur.
960 5842 1304 5910 lllacietcsscnetierem.

1138 4750 1319 4807 zeugmenon.
1348 4739 1516 4798 DehineGO
1530 4741 1589 4799 haec
1601 4744 1717 4815 sepiima
1731 4742 1782 4813 est,
1808 4744 1836 4799 id
1857 4755 1900 4800 est
1914 4759 1929 4799 a

1133 4843 1207 4884 mese
1221 4830 1248 4885 in
1268 4838 1350 4886 nemu
1365 4830 1559 4904 hyperboleon.
1587 4835 1760 4906 Reliquorum
1784 4850 1851 4892 reso
1867 4850 1928 4906 spe·

1132 4918 1234 4973 clerum
1255 4934 1336 4976 voces
1348 4924 1456 4979 extimae
1471 4924 1547 4981 nullo
1562 4925 1644 4982 modo
1659 4926 1667 4977 i
1687 4925 1874 4985 immobilibus
1882 4940 1927 4980 no·

1133 5009 1208 5066 cibus
1219 5013 1374 5070 constitutae
1388 5025 1461 5075 sunt.
1489 5015 1556 5074 llam
1570 5018 1732 5091 parhypate,
1745 5026 1774 5075 et
1788 5018 1928 5091 lychanos.

1133 5111 1161 5157 et
1176 5106 1255 5172 trite,
1275 5114 1304 5163 et
1317 5118 1445 5179 paranete
1460 5107 1507 5181 (ιι
1528 5104 1608 5181 supra
1622 5126 1730 5183 qtmpue
1741 5110 1840 5165 dietum
1864 5111 1927 5180 εει)

1133 5193 1287 5254 innnnnbiles
1311 5215 1365 5255 non
1381 5208 1454 5255 sunt.
1468 5200 1598 5258 Similiter
1611 5211 1699 5259 autem
1715 5212 1742 5259 ει
1756 5217 1803 5272 per
1816 5200 1927 5257 easdem

1131 5301 1211 5345 noces
1229 5290 1252 5345 si
1267 5291 1301 5348 ab
1316 5291 1497 5363 hyperboleon
1520 5304 1581 5352 nete
1601 5295 1756 5364 ordiamur,
1778 5294 1929 5365 specierum

837 5424 839 5429 ,
870 5348 939 5434 ‘illd
955 5366 1030 5422 eslN
1045 5368 1079 5422 ad
1131 5376 1200 5432 ordo
1228 5381 1402 5450 contexitur,
1436 5398 1550 5455 quonum
1578 5385 1698 5468 omnium
1727 5386 1928 5459 intelligentiam

1130 5468 1253 5538 sublecta
1273 5469 1446 5544 descriptiol
1462 5474 1551 5535 docet.

1501 5786 1512 5830 t
1533 5788 1594 5848 Non
1607 5789 1709 5865 lenitur.
1752 5800 1765 5839 ἔ
1786 5787 1846 5845 Nm!
1862 5790 1926 5860 '‘il‘'
