4278 6266
2078 278 2079 331 l

347 390 393 446 871
668 383 837 440 ΑΡΙἘΝΒΙΧ
856 383 902 438 ΑΙ)
922 381 1043 440 uttttttts
1063 381 1108 438 ttss
1126 380 1382 438 cossotuttout
1402 372 1650 438 mummium,
1938 372 1981 428 ii!

346 526 463 595 prolecto
474 530 512 576 est
521 536 578 591 qna
589 518 736 589 reliqioeum
747 519 830 573 tirum
841 518 951 574 namnet
960 519 1057 574 deceat.
1071 517 1139 574 Usus
1152 527 1177 578 A
1190 520 1314 572 oeteriiur
1331 519 1425 573 nostris
1437 516 1469 571 ai
1482 515 1647 570 mobilitatem
1664 511 1764 568 sedere
1774 511 1803 564 itt
1816 509 1872 578 pila
1882 509 1974 580 popel·

347 623 385 670 est
397 624 481 668 outern
495 612 523 666 in
534 610 582 665 ltac
593 625 669 682 opere
681 607 785 665 Boetius
795 626 825 665 eo
837 609 939 666 dicendi
952 626 1052 681 qenere,
1067 610 1136 680 quod
1188 622 1239 679 tur,
1251 620 1275 666 et
1292 626 1369 680 quam
1387 610 1480 664 ratulee
1493 608 1650 662 insistentem
1664 647 1672 671 ‚
1693 603 1770 674 quad
1791 601 1850 658 laco
1864 610 1931 655 stare
1947 618 1985 656 tte·

276 753 278 759 Α
304 704 321 777 ²„
349 722 401 760 nan
411 706 495 759 otinas
508 713 626 757 orttatunt
639 718 716 771 quam
726 713 835 781 qroteet
848 701 1017 772 pitiiosopltics
1028 703 1139 757 ntaoime
1187 705 1281 773 quiret,
1291 702 1418 770 eopiemer
1431 700 1497 755 diets
1512 707 1537 754 el
1552 698 1637 769 lepide
1650 695 1800 752 Ausonius.
1809 691 1986 762 t‘artmeerqa

305 774 319 836 '¹
351 799 573 853 accommodatum
586 798 711 851 uideatur.
727 796 760 851 Et
772 799 1141 871 pontereoeuriumeaquep'u·
1188 795 1212 849 ti
1230 794 1404 864 tereqendum
1418 793 1521 855 dedisti,
1535 790 1645 843 dominae
1657 783 1987 855 muribusaportetoiten·

347 889 475 953 cundum,
486 887 553 954 quad
562 902 631 940 nuuc
642 885 727 941 soluta
735 887 1005 958 orationeqtooissime
1013 888 1138 956 disputat,
1191 898 1274 952 peres.
1285 882 1361 937 Alias
1372 879 1648 953 conperendieopiius,
1665 875 1893 944 cumulandisque
1905 871 1989 925 diuitiis

290 1008 300 1029 .
348 978 657 1049 unncmetroeleqantitss
670 963 747 1033 ludit.
763 976 886 1048 idiqitur
899 994 964 1048 opus
980 987 1141 1032 nostrocura
1190 975 1283 1037 initiat,
1303 981 1419 1041 totusque
1440 970 1553 1036 incubat,
1565 977 1638 1024 retus
1656 969 1769 1039 palsas
1788 963 1902 1020 solidant
1917 961 1989 1033 felici·

347 1069 382 1126 'ae
400 1070 545 1140 diliqentic,
567 1068 741 1138 qualecunque
750 1077 799 1133 est,
820 1067 991 1133 emendatum,
1012 1066 1057 1121 tiit‘
1071 1064 1142 1121 Len·
1191 1073 1314 1130 tatemer
1330 1062 1578 1119 omniamortaliius
1596 1057 1771 1115 cantatodaet
1782 1052 1990 1125 compendlairt·

348 1160 494 1231 pedtneetr
505 1159 666 1214 ornatissime
680 1173 868 1230 nuncupemus,
879 1172 930 1213 non
944 1172 975 1212 ec
988 1157 1099 1222 ratione,
1113 1169 1142 1212 ut
1193 1156 1387 1229 perscriptum
1405 1152 1489 1209 illud:

348 1250 488 1306 existiment
502 1250 559 1320 ep‘tts
569 1251 702 1304 lectionem
712 1265 787 1316 posse
800 1248 910 1303 multum
931 1257 982 1302 tusc
1004 1247 1144 1302 eruditioni
1230 1244 1300 1300 Nam
1315 1246 1338 1299 si
1352 1244 1446 1316 uliquis
1461 1259 1535 1298 casus
1546 1242 1612 1297 lecto
1626 1249 1651 1296 tc
1664 1239 1764 1310 afficit,
1779 1238 1862 1293 ltaies
1874 1236 1917 1308 qui

349 1343 471 1414 adjicere,
496 1341 542 1395 sed
565 1348 592 1393 ul
619 1350 663 1394 tua
684 1338 827 1408 patrocinio
848 1338 878 1393 itt
892 1336 1040 1393 Enelsiridii
1054 1349 1144 1410 tppuot
1230 1337 1360 1405 desideat,
1379 1340 1496 1408 [amenta
1512 1342 1594 1404 paret,
1608 1334 1741 1388 medieunt
1756 1340 1834 1402 roqet
1848 1340 1878 1386 ttt
1889 1339 1913 1384 te

349 1433 497 1497 astrictum,
508 1431 638 1486 honestius
651 1448 682 1486 ac
694 1431 774 1485 tutius
787 1432 816 1485 in
828 1431 919 1502 culpus
932 1430 1012 1486 exiret
1026 1439 1074 1485 tul
1086 1430 1146 1485 inde
1231 1428 1354 1494 Sustitct,
1369 1443 1401 1482 ae
1414 1428 1506 1482 reddat
1519 1428 1587 1480 natis
1601 1426 1742 1496 cirrisque
1752 1421 1920 1494 propinquis.

349 1524 429 1595 facile
443 1523 561 1596 judicari
580 1523 671 1595 possit,
686 1531 811 1594 quantum
823 1523 890 1577 inter
903 1523 1014 1593 priorem
1028 1520 1103 1575 illum
1121 1531 1145 1576 ct
1198 1519 1482 1595 Frequenterqueillud
1495 1519 1569 1573 ltaiet
1581 1520 1609 1573 iu
1620 1533 1674 1583 ore,

352 1615 419 1668 nunc
432 1621 548 1669 nastrum
564 1611 660 1668 liltrstm
683 1613 795 1668 intersit.
816 1612 893 1679 Quod
906 1612 930 1667 si
942 1621 970 1666 ta
990 1611 1146 1679 proieceris,
1234 1614 1340 1672 Scilicet
1355 1627 1459 1668 uxorem
1470 1627 1528 1665 cum
1542 1611 1612 1674 dote,
1632 1609 1768 1680 iidemque
1779 1620 1806 1662 et
1821 1607 1928 1675 anteat,
2078 1604 2079 1653 i

349 1707 412 1762 salis
425 1722 443 1760 s
456 1723 496 1761 nte
509 1706 626 1760 ontniius
642 1706 739 1776 lactum
755 1721 809 1759 esee
815 1702 947 1773 judicabo.
968 1701 1040 1758 Vale.
1235 1707 1269 1762 Et
1279 1721 1358 1777 qenes
1368 1715 1393 1760 et
1403 1706 1511 1775 [armum
1524 1702 1614 1772 reqina
1624 1706 1735 1772 pecunia
1749 1699 1848 1763 donat,
2037 1690 2039 1697 ⁴

641 1796 847 1853 PRAELECTlO
1234 1799 1271 1853 Ae
1287 1799 1347 1852 lene
1357 1806 1515 1851 numtnutunt
1526 1793 1629 1847 decorat
1644 1791 1766 1847 Suadela
1784 1789 1934 1858 Venusque.

440 1906 528 1946 uncant
542 1904 713 1945 nonoutunsts
726 1904 751 1942 tu
767 1904 881 1945 uacrtou
895 1903 1055 1944 scvcutnuu.
1163 1874 1252 1947 Bttte
1269 1891 1345 1946 etiam
1368 1899 1441 1958 putus
1454 1888 1543 1943 calum
1558 1887 1669 1956 deasque
1691 1900 1763 1939 aura
1781 1882 1897 1947 amalec,
1916 1888 1989 1933 motus

388 1983 576 2041 constituerant
600 1986 648 2038 oiri
672 1983 809 2038 clarissimi
833 1982 881 2037 ltoc
904 1999 972 2038 anno
996 1981 1147 2055 proelmionc
1197 1986 1246 2040 lroc
1256 1982 1411 2040 Tertulliani
1421 1981 1566 2037 testiculo:

353 2076 534 2140 abstinerent
547 2091 648 2144 senrprr
665 2076 693 2128 in
706 2076 794 2129 eodem
812 2075 918 2145 nettiqio
932 2075 1064 2128 lrarerem.
1079 2071 1149 2126 dssi·
1341 2071 1369 2127 N
1371 2089 1403 2126 an
1417 2071 1475 2125 licet
1490 2070 1550 2125 deas
1563 2083 1637 2123 nosse
1647 2066 1744 2138 pratis.

353 2168 440 2224 duitas
449 2166 528 2234 eninr,
541 2167 611 2221 utait
625 2164 724 2231 Cicera,
739 2166 871 2236 fastidiunt
883 2164 949 2233 parit
960 2173 985 2220 et
994 2166 1145 2218 sotietatem.
1198 2167 1307 2237 Hocque
1322 2163 1436 2218 Petronii
1448 2163 1568 2229 distieita,

287 2317 288 2320 Ἴ
356 2255 453 2310 Verum
467 2255 643 2310 utcansilium
654 2266 797 2322 mutarem,
822 2256 916 2322 partim
938 2270 983 2310 tos
996 2255 1071 2308 nimis
1093 2253 1147 2324 offi-
1233 2254 1330 2319 stoma
1343 2254 1445 2325 loquor,
1460 2253 1560 2319 quiduis
1574 2250 1685 2305 ttnmntis
1699 2247 1880 2317 presentibus
1893 2255 1959 2319 apte,

354 2347 418 2402 ciosi
426 2357 451 2402 et
459 2356 573 2400 amantes
588 2346 668 2402 nomi
681 2346 822 2415 perfecistis
832 2347 885 2417 (me
895 2362 1003 2417 namque
1012 2347 1147 2413 quotannis
1269 2344 1401 2407 Etteniet‚
1417 2348 1532 2397 clausum
1547 2341 1659 2411 possidet
1673 2339 1858 2395 osculantem.
1930 2333 1932 2338 ’

353 2449 437 2494 uestra
451 2437 614 2492 ornatissima
628 2446 764 2505 conspectu
776 2435 1003 2505 honestissimeque
1013 2435 1146 2505 prasentia
1198 2437 1252 2493 Sed
1265 2439 1354 2492 cantra
1367 2434 1523 2507 reputando,
1536 2432 1603 2489 niltil
1617 2435 1775 2504 isuprottius,
1789 2432 1860 2488 stiltil
1872 2429 1989 2503 perstitit·
2078 2426 2079 2439 ¹

354 2529 541 2599 condecoratis)
561 2528 654 2600 partim
672 2528 782 2583 illustris
800 2538 824 2581 et
837 2528 968 2599 ntaqnifici
982 2537 1086 2583 senatus
1100 2542 1148 2581 no-
1197 2531 1262 2594 sius,
1277 2527 1393 2599 ninilque
1402 2527 1469 2596 quod
1480 2528 1563 2598 muqie
1578 2524 1723 2583 ltumaourn
1736 2542 1823 2597 penus
1837 2521 1989 2579 uecetetir·
2078 2582 2079 2601 3

354 2622 443 2677 stratis
454 2620 644 2690 tuaquifieentia
657 2634 688 2673 ttc
700 2618 850 2683 liberalitas,
864 2619 910 2691 qui
924 2635 964 2672 me
973 2619 1090 2689 proxime
1098 2619 1147 2672 im·
1196 2625 1300 2692 quieter,
1313 2637 1392 2692 quum
1405 2639 1465 2691 opes
1477 2630 1501 2675 et
1512 2615 1658 2689 pecuniam,
1667 2620 1798 2676 inuenies.
1817 2618 1916 2674 tecm
1930 2614 1988 2669 isne

355 2712 468 2783 pensiori
489 2710 585 2766 salaria
604 2710 758 2766 morardum
778 2712 886 2783 putarit,
900 2727 946 2766 nec
962 2725 1012 2764 nan
1023 2709 1147 2780 colquam
1197 2714 1307 2784 primum
1321 2713 1343 2766 si
1356 2721 1455 2766 struere
1464 2711 1560 2782 cupies.
1574 2711 1665 2779 eripies
1676 2710 1797 2767 labenti.
1816 2705 1893 2764 ilnde
1902 2708 1988 2777 impss-

353 2803 410 2857 oiro
421 2802 592 2857 eruditissimo
606 2801 840 2874 humectissimoque
852 2817 893 2856 nte
905 2800 1147 2875 aditoqensdtone·
1197 2801 1243 2858 ias
1264 2817 1378 2858 cresccre
1400 2802 1503 2856 diuitias
1525 2801 1591 2857 dicit
1609 2797 1737 2856 Flaccus.
1760 2799 1987 2871 praeopimum

355 2892 428 2947 ctiori
440 2892 516 2947 titulo
529 2893 671 2948 ecarnaoit.
680 2891 822 2948 Tantarum
836 2894 916 2965 iqitar
934 2893 1082 2947 meritarum
1094 2907 1147 2947 me·
1198 2893 1285 2962 Diues,
1298 2892 1346 2957 ait,
1359 2891 1531 2960 antitiquus,
1547 2900 1594 2945 out
1605 2889 1688 2960 iniqui
1702 2892 1800 2945 luceres.
1817 2888 1907 2944 Nauis
1918 2886 1987 2957 iqittt

354 2982 558 3053 monisterium
572 2983 673 3052 inprala
692 2983 793 3038 iumine
812 2980 879 3037 oiltil
890 2983 964 3054 pejus
985 2992 1053 3036 terro
1066 2991 1144 3050 creat,
1197 2994 1234 3040 est
1259 2995 1283 3040 et
1309 2984 1409 3039 inutilis
1433 2983 1552 3051 pecunie,
1577 2981 1681 3052 qnerulo
1702 2982 1987 3046 tneorreeraroetsrqtc

354 3081 384 3125 ut
397 3071 433 3124 ait
444 3068 755 3140 tteoemeepecortaree
768 3073 845 3127 eliam
854 3071 973 3143 Ampelos
984 3071 1090 3126 tacendo
1103 3086 1147 3142 pt·
1196 3077 1298 3132 omium
1321 3086 1368 3141 est,
1382 3073 1452 3131 ttete
1469 3083 1556 3145 parte,
1571 3073 1637 3128 totle
1653 3072 1819 3128 uincuntur.
1841 3061 1986 3124 Permisit&

354 3162 439 3227 riisse.
453 3161 571 3233 quodque
583 3178 656 3217 nemo
669 3160 748 3217 silent
761 3162 868 3232 placuit,
878 3162 993 3232 utinquil
1007 3162 1145 3226 Ausonius,
1197 3175 1257 3221 sunt
1279 3175 1303 3221 et
1327 3180 1398 3235 opes,
1421 3181 1529 3237 quarunt
1551 3165 1629 3236 opert
1646 3163 1766 3220 itonlines
1789 3165 1951 3235 corporentur
1966 3164 1986 3208 et

355 3269 433 3326 caqor
450 3255 617 3326 impelletque
634 3255 733 3324 aliquid
753 3255 810 3309 noti
820 3254 847 3309 in
857 3254 1070 3323 prtcsentiaraiis
1083 3231 1182 3308 teet-C
1198 3259 1374 3325 enuticusunus,
1390 3258 1471 3312 matii
1485 3249 1596 3329 nitelam
1614 3265 1639 3309 et
1651 3257 1834 3328 teqritudines,
1845 3253 1938 3326 pudor,
1951 3248 1983 3301 le-

356 3358 422 3414 ttre,
433 3348 502 3415 quad
520 3349 577 3414 ipsa
591 3347 681 3403 saltem
694 3349 816 3403 uarietate
830 3363 907 3402 aures
923 3356 1018 3402 oestrus
1031 3348 1146 3417 permttl·
1196 3364 1250 3418 qes,
1261 3347 1334 3418 juro,
1351 3355 1445 3413 turres,
1465 3360 1547 3410 arces,
1569 3344 1779 3416 prapuqnaeula,
1792 3351 1818 3397 et
1832 3340 1926 3410 oppida
1937 3351 1985 3390 suu·

355 3445 410 3493 ecnt
423 3447 448 3491 et
462 3438 578 3493 ottectet,
1198 3441 1323 3495 nitissimo
1340 3446 1530 3509 ecptrqnantur.
1544 3435 1666 3491 Pecunia
1687 3436 1758 3490 enim
1772 3434 1817 3508 (ut
1838 3433 1875 3486 ait
1894 3424 1984 3491 Cicera)

394 3528 463 3593 Quid
490 3530 603 3599 (content
627 3531 812 3586 contrusistis?
829 3531 899 3599 quad
921 3547 961 3586 me
979 3531 1147 3585 recitaturum
1197 3532 1350 3588 amnestian
1364 3540 1469 3585 norunt.
1484 3528 1610 3599 Dioqenet
1628 3525 1673 3583 ttte
1684 3514 1799 3597 quticus
1814 3524 1883 3579 niant
1896 3515 1984 3575 uirtutis

356 3635 414 3674 sunt
427 3619 580 3686 pollicitust
607 3617 669 3674 Non
692 3636 777 3674 meam
800 3630 837 3676 est
855 3621 1009 3692 exemplum,
1023 3622 1046 3675 si
1057 3621 1146 3675 recito.
1199 3624 1264 3678 adea
1286 3633 1432 3692 anqustom,
1454 3620 1583 3690 difficitem
1602 3630 1626 3674 et
1647 3610 1759 3673 ariuant
1783 3629 1839 3672 eece
1852 3614 1941 3675 ttetat,
1960 3612 1983 3659 ut

357 3708 411 3766 Sed
418 3706 466 3761 ltac
478 3707 691 3781 celeresaliaquin
699 3709 864 3765 eruditissimi
873 3711 1033 3781 [actiterunt.
1043 3709 1148 3783 illatum
1199 3728 1256 3768 ettm
1269 3715 1311 3768 tio
1326 3712 1389 3767 nudi
1398 3726 1520 3781 superare
1537 3719 1639 3783 pascent
1658 3713 1688 3764 al
1703 3709 1888 3771 transmittere,
1900 3697 1983 3754 nedem

355 3807 442 3854 sutem
461 3798 490 3852 id
511 3799 623 3870 appello,
648 3801 718 3869 quod
740 3810 799 3855 ante
811 3817 851 3854 me
863 3802 950 3854 nullus
961 3802 995 3855 sit
1008 3802 1148 3856 conteruit.
1199 3805 1312 3877 pondere
1326 3805 1412 3875 aliqua
1421 3803 1538 3875 impediti
1550 3810 1575 3857 el
1587 3818 1652 3857 auro
1671 3798 1847 3868 suffarcinati.
1862 3788 1982 3848 traam
2078 3804 2079 3869 fi

355 3890 493 3948 Haieiunt
502 3891 589 3961 itaque
599 3893 679 3962 docti,
694 3907 751 3963 ques
768 3893 1026 3966 {aciletaqnaseantt
1041 3893 1148 3960 indocti,
1201 3896 1280 3950 etiam
1289 3896 1413 3964 scriptum
1421 3894 1536 3965 reliquit,
1548 3892 1682 3965 defunctos
1692 3893 1756 3960 uita,
1772 3890 1856 3946 nudos
1866 3893 1891 3940 et
1903 3885 1983 3947 inope·
2078 3936 2079 3955 ,

356 3983 604 4055 quoconditctntet
616 3984 784 4039 admirentur.
807 3981 981 4056 Hodict'qitttr
1001 3984 1076 4038 rerba
1092 3999 1150 4039 sum
1200 3989 1303 4058 inferna
1324 3988 1418 4042 tuiire.
1441 3984 1484 4041 Es
1505 4001 1556 4053 qua
1577 3986 1707 4040 intortius
1733 3990 1816 4055 {acere
1832 3983 1982 4050 conpressum

356 4074 653 4147 {acturusdeerrariius
672 4090 735 4144 pene
751 4074 903 4141 innumeris,
924 4074 1015 4141 quitus
1037 4075 1152 4145 plerique
1200 4077 1450 4150 ittoqenttetcioet
1464 4079 1534 4144 apud
1548 4080 1703 4150 inseroslroc
1716 4078 1831 4133 carmine
1845 4071 1922 4128 lusit:

357 4163 591 4236 amnesfallimut:
609 4180 657 4219 nee
675 4166 758 4220 solum
776 4167 889 4235 imperiti
913 4176 936 4221 et
950 4166 1063 4234 proltni,
1082 4168 1151 4236 quod
1237 4169 1363 4242 Effiqiem,
1378 4186 1424 4225 rec
1441 4169 1537 4236 Croete,
1553 4180 1624 4226 tuam
1636 4168 1762 4225 ditissime
1775 4181 1874 4238 requtm

356 4253 442 4309 minus
453 4269 521 4325 teqrc
532 4254 664 4324 serendum
677 4264 740 4310 esset
754 4254 821 4310 :ted
841 4255 922 4328 (quod
940 4257 1151 4312 doloremmeum
1279 4259 1348 4314 Vidit
1362 4260 1435 4330 apud
1449 4276 1537 4315 manes
1554 4260 1679 4333 [liaqeitet
1692 4261 1816 4332 Cynicus.

357 4344 497 4417 crulcerot)
511 4344 605 4400 eruditi
614 4354 649 4411 et,
663 4356 691 4401 ttt
702 4349 739 4401 ita
749 4346 843 4412 dicam,
855 4346 990 4402 Musarum
997 4349 1151 4404 sacerdotes.
1238 4350 1367 4415 Constitit,
1379 4359 1456 4423 utque
1468 4352 1569 4424 procul,
1580 4351 1655 4407 saliti
1668 4353 1767 4423 maiore
1779 4348 1902 4406 eaettrno

359 4433 485 4492 Ceterum
500 4452 557 4491 cum
567 4438 667 4493 moriat
680 4448 705 4493 et
717 4441 804 4494 ulcere
823 4440 974 4509 refricuera,
998 4443 1152 4496 medicinam
1274 4439 1429 4508 Concursus,
1446 4441 1530 4496 dicit:
1542 4441 1610 4507 Quid
1626 4442 1672 4497 tili
1684 4444 1784 4498 diuitiae

357 4526 461 4581 auditor
473 4536 600 4599 exspecto.
623 4525 718 4583 Furete
735 4546 795 4602 erqo
815 4546 912 4599 omnes,
938 4541 962 4586 et
979 4532 1065 4586 adeste
1078 4548 1152 4603 sequa
1240 4529 1449 4603 Nummorum,
1465 4534 1791 4604 repumreeoditissime,
1809 4545 1867 4587 eum
1877 4541 1911 4581 stt

357 4618 455 4673 animo.
476 4616 557 4687 Nam,
571 4627 600 4672 ut
610 4619 646 4673 uit
658 4619 840 4690 Hieranqmus.
862 4621 949 4676 leatus
959 4633 997 4679 est
1008 4625 1053 4696 qui
1063 4621 1150 4696 loqui-
1277 4623 1351 4681 Sicut
1365 4641 1424 4696 equ,
1434 4627 1504 4681 salus
1517 4641 1557 4680 nte
1570 4642 1670 4696 quaque
1683 4625 1838 4699 pauperiori

357 4714 400 4760 tur
409 4707 437 4761 ite
447 4723 522 4763 aures
534 4709 672 4764 audientis.
681 4708 925 4766 Omnismartalium
935 4730 1000 4768 cura
1008 4724 1032 4769 el
1044 4717 1151 4772 intentio
1242 4715 1313 4772 Nam
1326 4716 1582 4787 quacunqueitaltui,
1598 4733 1695 4773 mecum
1709 4720 1778 4789 sero,
1792 4730 1849 4772 cunt
1864 4702 1978 4773 odtltpu
2078 4752 2079 4805 q

357 4797 392 4850 ad
404 4813 485 4852 unum
494 4800 584 4867 quietis
595 4809 700 4865 matum,
713 4802 811 4857 diuerso
821 4811 907 4858 tomen
916 4806 982 4862 colle
992 4808 1081 4863 nititur
1090 4825 1151 4879 pcr-
1275 4806 1318 4862 Ec
1332 4808 1410 4862 tantis
1423 4815 1517 4870 terunt,
1528 4805 1621 4875 Croese,
1635 4808 1715 4874 leros,
1729 4812 1830 4877 opttus.

357 4888 454 4940 uertite.
469 4886 522 4940 Hie
534 4889 622 4959 itaque
644 4905 672 4945 st
693 4900 773 4945 totum
797 4893 908 4959 tutuno
922 4899 1072 4962 committit,
1096 4915 1152 4954 eant
1205 4897 1280 4954 Alius
1296 4913 1342 4969 per
1354 4897 1450 4968 qradus
1464 4898 1663 4966 maqistratuam
1683 4901 1825 4954 discurrere
1845 4879 1976 4947 contendit:

358 4975 446 5031 dicens
477 4994 518 5032 res
546 4978 671 5035 lcumenas
693 4998 740 5051 pra
755 4984 860 5039 ariitrio
884 4988 985 5056 flectere
998 4997 1023 5042 et
1041 5005 1151 5046 certare.
1205 4989 1461 5054 sicqueadltanores
1485 4988 1594 5059 oirepit,
1617 5000 1645 5043 nt
1667 4969 1975 5062 pretiosissimorum·
2078 4996 2079 5045 Τ

359 5063 487 5121 Eamdcnt
499 5067 613 5123 aiterum
625 5079 648 5124 cl
661 5084 807 5142 teneratur,
815 5086 936 5145 tunquam
951 5094 1045 5133 nttnten
1056 5083 1153 5136 saluta·
1206 5097 1279 5139 etttts.
1297 5081 1407 5135 illustris
1421 5097 1452 5134 ac
1465 5082 1616 5136 reuerendus
1628 5094 1762 5153 appareat.
1780 5081 1859 5136 iialct
1871 5072 1930 5153 tuiti
1942 5063 1974 5133 (¹¹

357 5170 404 5220 tt.
427 5157 568 5211 maximum
585 5162 803 5233 omnipotensque.
837 5163 993 5238 illectusque
1013 5172 1154 5240 primulum
1205 5172 1243 5225 ait
1257 5170 1358 5240 Cicera)
1374 5173 1475 5242 justam
1495 5173 1682 5228 uenerationem
1700 5172 1822 5246 quidquid
1841 5159 1973 5221 eecetttntl

358 5246 491 5303 blanditiis
502 5259 526 5304 et
544 5250 675 5308 lenociniis
687 5255 765 5326 nujus
779 5257 885 5326 pellacis
904 5269 927 5314 et
940 5262 1079 5330 versipellis
1088 5265 1152 5330 deae,
1207 5264 1276 5316 lunc
1287 5262 1401 5316 triantem
1415 5264 1566 5333 triqeminsrs
1575 5264 1682 5335 plausus
1693 5267 1759 5321 tollit
1770 5277 1794 5321 et
1802 5262 1872 5332 inpiat
1882 5270 1891 5307 .·
1903 5250 1972 5314 sieque

358 5354 418 5392 cunt
428 5341 530 5395 tandem
540 5345 670 5412 repentem
683 5346 749 5399 uidet
768 5356 792 5400 et
802 5350 946 5413 aduersam,
956 5356 1089 5420 queritur.
1111 5372 1156 5409 su·
1207 5353 1326 5423 populari
1338 5368 1403 5405 aura
1420 5364 1528 5420 erectus,
1544 5355 1636 5408 ctelant
1650 5372 1677 5409 se
1695 5357 1810 5424 sculpere
1823 5351 1897 5419 putat,
1910 5344 1970 5405 Μ’

358 5429 449 5498 ‘iffa‘—
477 5432 614 5501 §imfiillsss
634 5431 772 5503 lubricum,
798 5437 998 5507 inconstantem,
1018 5459 1111 5499 enecant
1129 5455 1154 5498 ct
1207 5443 1292 5516 qloritt
1305 5443 1561 5513 serisequitttrduicir
1574 5442 1921 5519 moqietrotunmctlaiorton
1936 5437 1970 5476 tt·

357 5533 449 5588 oaqam
459 5522 605 5589 appellans,
615 5523 850 5597 nulliqueconticio
862 5546 978 5596 parcens.
988 5531 1100 5601 Stultus,
1114 5535 1156 5588 in·
1205 5550 1269 5599 mes,
1284 5536 1483 5607 alimentntnque
1497 5540 1618 5610 cujusque
1631 5542 1711 5595 animi
1720 5537 1841 5610 qenerosi.
1852 5522 1968 5585 tcettntt

358 5614 446 5679 inm·
455 5627 487 5666 Μ
496 5613 581 5668 ‘stim
592 5615 708 5684 11111111111,
720 5619 763 5688 qni
773 5619 827 5674 uult
844 5630 871 5674 ιιι
881 5622 918 5675 nil
930 5622 998 5676 intra
1014 5624 1047 5677 eit
1060 5625 1154 5694 oleant,
1205 5629 1272 5682 enim
1288 5644 1375 5684 omnes
1387 5630 1472 5684 laudis
1491 5634 1586 5699 studio,
1607 5646 1631 5688 et
1643 5636 1755 5703 optimus
1768 5632 1868 5705 quisqtt
1880 5609 1969 5673 “iffi'‘

359 5700 397 5754 '¹⁵¹
404 5714 476 5757 ’Μ
488 5704 514 5759 ι”ῑ
525 5722 589 5761 ”W
600 5709 668 5763 dari.
687 5711 814 5777 0111111111
831 5712 898 5766 enim
916 5715 1006 5769 1111111ἰ1
1025 5717 1155 5786 prv'twtt'lt
1206 5720 1288 5792 qiaria
1301 5722 1442 5794 saqt'natur.
1456 5721 1598 5779 Pulcltrum
1609 5734 1645 5780 est
1657 5727 1738 5797 diqito
1751 5712 1891 5781 mottslrttt‘r
1902 5714 1924 5760 0⁸
1934 5696 1967 5750 ⁸¹³

358 5786 436 5842 ΨΜ
449 5800 474 5844 0³
484 5807 553 5861 ῬΜ
568 5795 606 5850 5²¹5
618 5797 720 5852 “idm
738 5808 773 5853 0⁸¹
790 5817 878 5871 cuens,
891 5818 948 5873 llil!
957 5805 990 5859 (11
1001 5805 1114 5875 “diffinis
1132 5816 1155 5861 el
1205 5825 1260 5867 cter
1273 5812 1314 5867 ltic
1326 5822 1373 5869 ttt.
1392 5811 1487 5870 Verum
1498 5815 1620 5885 quoniam
1634 5815 1786 5886 ltupntmacii
1803 5807 1926 5883 diqnitetrs
1941 5785 1966 5843 ii·
