4188 6258
30 5520 32 5525 ’
131 5520 246 5564 nonnam
262 5521 291 5567 et
307 5511 470 5581 exemplum.

130 468 184 528 237
594 472 673 531 VITA
690 471 722 530 ii.
742 471 1087 532 cetnflanttnetscunt
1106 468 1307 533 ttclntlttsls.
1711 477 1768 539 ahl

132 595 206 653 mine
226 598 256 648 ιιι
281 589 466 663 triplicatum:
487 589 550 647 honi
571 592 740 661 imperitioris
753 602 796 648 est
819 590 1109 664 posses-Adiecmm.
1139 591 1253 648 stainam
1278 589 1450 649 mussitantes
1470 602 1496 649 et
1527 593 1631 651 attoniti
1654 594 1767 667 popuii,
1886 634 1897 663 .

131 689 205 745 soris
216 685 366 757 opulentis.
376 683 502 741 Gonnus
514 682 712 740 immunitatem
727 687 789 740 anni
808 699 928 756 pmcn·
976 697 1067 739 ιιιιιι
1082 683 1109 738 in
1119 697 1174 739 uuo
1183 684 1293 740 homino
1304 684 1386 741 totius
1395 686 1539 756 pmatsets
1551 688 1766 759 monialerantss,

132 774 411 850 antignrtaponteos
424 775 543 832 externis
552 773 598 847 qui
611 775 773 848 supplicant,
781 776 924 835 reduxisti.
975 781 1005 829 et
1020 775 1097 831 lunare
1110 774 1202 831 mundi
1220 785 1384 835 metuentes.
1397 776 1518 847 Septimo
1538 788 1625 835 tamen
1646 779 1691 837 die
1709 779 1769 836 iuo-

132 870 219 941 Quam
234 869 346 925 uberem
365 876 526 937 presentem
549 852 713 924 nativitatem
739 867 924 938 hahuerimus,
978 867 1098 937 pinatum
1113 868 1218 938 scelus,
1235 867 1378 925 ineliahilis
1395 869 1550 940 calamitas,
1570 870 1769 941 inexplicabilis

131 963 278 1019 clementia
293 968 383 1017 restra
397 967 517 1016 astantes
529 956 685 1033 interroget.
699 958 786 1018 tlemo
797 960 835 1016 iiii
850 976 927 1016 men·
974 955 1063 1014 luctus
1076 959 1201 1019 accessit.
1217 958 1271 1016 Sed
1286 972 1347 1015 cum
1368 956 1540 1033 beatissimus
1558 971 1681 1018 cerneret
1702 976 1771 1031 pon·

130 1058 208 1121 titur,
220 1055 264 1111 cui
275 1052 397 1110 serviunt
411 1051 649 1123 quicourincant.»
662 1051 766 1110 hdhaec
781 1051 922 1124 princeps:
976 1048 1057 1114 sites,
1071 1050 1176 1105 sarcina
1194 1052 1283 1106 earnis
1302 1049 1408 1122 abjecta
1427 1034 1561 1115 maturius,
1577 1065 1607 1108 ss
1623 1051 1656 1106 ad
1672 1067 1768 1123 purum

73 1144 83 1173 ⁴
132 1148 225 1205 «Licet
233 1144 448 1204 uosimmaniunr
461 1158 642 1215 expensarum
657 1144 761 1215 pondus
773 1142 887 1210 illicitet,
897 1151 926 1200 et
976 1141 1085 1197 aetheris
1095 1142 1205 1198 evolare
1215 1141 1367 1214 fulgorem:
1382 1143 1458 1215 cuius
1469 1159 1519 1200 vos
1532 1143 1575 1200 iila
1589 1158 1695 1215 sarrrper
1706 1142 1766 1212 luit,

130 1257 181 1316 pro
196 1242 318 1314 ipserum
334 1237 424 1310 quiete
441 1235 536 1307 legatis
550 1234 733 1292 indesinenter
747 1249 858 1292 munera
870 1235 925 1291 lar-
980 1228 1047 1285 illos
1062 1232 1144 1288 cicere
1172 1231 1290 1290 Christus
1313 1243 1366 1302 cal,
1387 1243 1411 1291 et
1425 1236 1490 1290 mori
1504 1234 1603 1290 iscoram
1619 1233 1731 1307 (Philip.
1746 1251 1766 1302 r,

118 1318 250 1407 'piamun
272 1340 362 1387 tamen
387 1329 429 1384 ris
450 1328 610 1384 meritorum
631 1336 741 1383 tuorum
768 1325 925 1383 tractatibus
974 1319 1207 1392 ilntarumnno
1221 1324 1446 1381 acruitusereno
1460 1324 1767 1383 illosnerstculoshant-

129 1427 398 1485 nostrisreacrenter
409 1421 562 1478 intervenit.
578 1419 652 1492 Opus
665 1429 708 1477 est
722 1420 779 1477 lieri
794 1419 924 1491 quidquid
975 1412 1049 1468 dicos
1067 1415 1165 1484 saeptus
1183 1413 1343 1485 repetebat:
1358 1413 1549 1471 msericordias
1563 1424 1631 1485 tuus,
1646 1414 1766 1484 donnus,

129 1514 296 1593 injunxeris:
313 1516 391 1588 ium
404 1528 485 1572 omn,
508 1511 578 1586 quod
599 1511 743 1584 mim„
759 1511 924 1569 aegpjmamug
974 1501 1001 1553 iss
1015 1512 1138 1556 oetmnuns
1155 1504 1275 1559 rnotoho.
1291 1500 1324 1557 in
1350 1503 1513 1575 persecutione
1532 1515 1555 1560 ct
1576 1508 1695 1579 properus
1707 1523 1768 1579 prc-

130 1614 205 1670 enim
216 1607 381 1680 compendiis
389 1605 491 1663 nostris
500 1604 592 1675 adjici,
600 1604 670 1675 quod
679 1602 921 1675 ipsedeccrpseris,
973 1591 1097 1646 nuntisio
1107 1593 1236 1648 ueritotcm
1248 1606 1317 1649 tuorn
1327 1594 1354 1648 s'n
1364 1610 1408 1649 cre
1418 1612 1473 1651 mco
1485 1594 1570 1669 (Psoi.
1584 1613 1711 1680 tanturn,
1726 1598 1767 1672 l).

127 1701 202 1761 Nihil
217 1710 245 1757 ιι
267 1699 343 1770 ouasi
364 1712 398 1754 ιι
413 1695 543 1753 accidenti
560 1693 725 1765 depreceris,
739 1695 785 1766 oui
807 1693 890 1751 hahes
906 1710 922 1750 a
974 1680 1010 1737 Εῑ
1021 1682 1104 1738 illuit
1121 1683 1154 1739 ¹1¹
1168 1702 1260 1742 minti
1273 1696 1340 1754 iuti,
1356 1688 1474 1754 Dvml'ms
1487 1693 1633 1747 complendo
1647 1693 1767 1763 spiritum

128 1794 208 1853 uehis
226 1793 342 1866 piurima
360 1805 422 1861 quae
440 1802 576 1859 reposcas.
592 1787 664 1842 noas
679 1795 767 1843 tannen
782 1787 924 1859 presentis
973 1788 1058 1829 mcum
1073 1772 1159 1846 (Μ
1175 1792 1246 1846 ¹¹¹,
1264 1774 1305 1851 b')·
1318 1776 1374 1835 Nic
1389 1796 1443 1835 ⁰⁰¹¹
1466 1780 1608 1851 iiiiiiffli
1620 1782 1654 1839 ⁴¹⁰
1676 1784 1767 1855 perie-

127 1885 284 1946 indictionis
303 1880 404 1938 lisraiis
417 1878 512 1937 calculi
536 1886 626 1950 partes
640 1878 786 1942 cedemus;
812 1877 923 1933 tertiam
973 1864 1401 1939 ⁰¹i⁰¹¹0⁸0⁰¹¹f⁰⁸²C⁰ilimwiim
1412 1874 1633 1929 “mimmii
1644 1872 1765 1943 ”vatillis

127 1974 316 2039 tantummodo
326 1971 489 2043 suscepturi,
500 1984 535 2026 ne
544 1980 589 2025 aut
599 1968 687 2025 aerarii
700 1967 785 2024 nostri
798 1967 921 2039 angustia
935 1957 960 2020 B
973 1968 998 2018 et
1012 1962 1154 2018 multorom
1168 1975 1205 2019 ess
1226 1981 1307 2021 corun
1329 1984 1413 2023 ιιιιιιι
1425 1969 1454 2025 in
1467 1967 1523 2027 nso
1546 1970 1655 2027 salutari
1669 1986 1724 2026 mco
1738 1968 1767 2043 (l
1885 1992 1888 1997 ·

127 2069 259 2129 Romanis
273 2066 359 2140 pariat
374 2065 476 2134 majora
488 2061 638 2133 dispendia,
649 2069 695 2143 aot
705 2060 866 2133 supplicatio
877 2068 922 2119 tua
973 2052 1040 2128 nen.
1053 2070 1083 2123 ιι,
1099 2053 1146 2129 ii:
1161 2065 1191 2112 ut
1207 2056 1314 2129 hymnis
1328 2067 1357 2116 et
1374 2060 1486 2118 canticis
1499 2069 1527 2118 et
1541 2063 1568 2119 iu
1590 2071 1678 2120 morte
1691 2077 1766 2119 reso·

125 2168 286 2234 easpectata
297 2155 387 2228 patric
399 2153 495 2226 gaudia
508 2168 561 2210 non
574 2162 702 2223 reportet.
714 2170 723 2205 ι
740 2152 840 2210 Taliter
854 2168 922 2226 prrs-
974 2163 1043 2205 nans
1060 2148 1094 2204 ad
1108 2150 1199 2207 sedern
1214 2165 1290 2208 suam
1304 2154 1423 2211 caelestis
1433 2155 1523 2212 aniura
1537 2165 1669 2213 remearet
1683 2175 1690 2211 a
1704 2171 1766 2227 quae

128 2252 187 2310 isto
198 2251 256 2323 regi
278 2249 331 2320 egit
347 2247 447 2321 gratias
461 2257 582 2300 summus
604 2245 717 2299 antistes
737 2262 745 2298 ι
766 2257 849 2310 anuo
862 2245 922 2303 raie
971 2241 1223 2315 quiunquapesiurum
1241 2244 1390 2303 ‘octauum
1411 2249 1499 2305 atatis
1515 2263 1615 2305 annum
1633 2248 1709 2304 duait
1731 2248 1766 2306 ad

79 2396 83 2399 .
128 2345 222 2401 dicens
235 2336 374 2396 abscessit.
389 2337 446 2393 ileu
459 2334 536 2392 dolor
554 2342 635 2407 atque
646 2334 781 2407 seruitus!
796 2336 921 2395 otnuihus
972 2337 1126 2392 tumulum:
1151 2336 1261 2408 triginta
1279 2337 1306 2394 in
1329 2340 1380 2397 hac
1396 2332 1573 2409 sacerdotali,
1595 2341 1718 2413 qualem,
1737 2350 1766 2398 ct

126 2435 202 2508 quasi
222 2430 342 2505 supremi
368 2428 450 2486 cilicii
470 2428 511 2484 rel
537 2427 636 2485 ultima
651 2427 812 2484 visitationis
830 2428 921 2487 studio
972 2428 995 2484 si
1009 2431 1156 2502 excerptim
1171 2431 1257 2490 lector
1269 2433 1387 2493 attendis
1400 2434 1546 2509 scalptam,
1559 2436 1765 2495 musersstione

125 2526 240 2599 impiger
250 2522 422 2581 orsomehaa
434 2521 469 2576 dt
482 2534 543 2576 cum
553 2519 651 2576 domus
664 2518 750 2591 ipsius
759 2518 920 2581 Christianae
971 2523 1082 2580 exemit.

125 2617 308 2677 multitudinis
327 2613 420 2670 turhas
444 2622 598 2681 evomeret,
624 2613 683 2683 ipse
696 2615 919 2677 tamcuomuinru
1006 2612 1074 2669 iilud
1089 2628 1204 2687 uanaque
1221 2614 1328 2673 silentiu
1344 2618 1484 2689 praeterire
1506 2633 1560 2675 non
1582 2618 1765 2692 richenspuod

124 2712 274 2788 penetralia
298 2708 408 2766 adibat:
424 2706 527 2763 nullum
540 2706 666 2794 humanm
680 2707 780 2764 mentis
793 2709 920 2766 crassitu-
971 2705 1031 2777 eius
1041 2716 1143 2763 sancta
1156 2707 1277 2780 reliquiae
1287 2723 1373 2781 usque
1385 2711 1412 2765 in
1424 2711 1495 2768 dictu
1507 2712 1691 2784 tertiumque
1703 2728 1765 2771 curat

125 2806 191 2882 dina
204 2804 357 2861 hebetatum
373 2800 500 2871 tangebat
515 2807 567 2855 tam
583 2797 690 2855 iunesta
704 2799 833 2871 suspicio,
847 2801 919 2871 quod
971 2808 1077 2853 summa
1094 2800 1266 2856 veneratione
1278 2800 1423 2858 reconditae
1436 2801 1622 2873 dinoscuntur,
1634 2812 1708 2861 ιιιιι
1723 2805 1764 2861 iu-

126 2898 245 2955 iustaret
255 2892 380 2951 transitus
394 2890 463 2963 eius,
477 2904 556 2961 quem
572 2889 618 2947 ille
628 2890 740 2961 spiritus
754 2891 919 2950 revelatione
972 2889 1045 2946 mine
1061 2904 1095 2947 ae
1108 2891 1207 2950 decore
1220 2894 1324 2951 restite
1339 2903 1496 2952 cunctorum
1510 2896 1576 2953 sisae
1590 2905 1652 2953 suot
1666 2895 1754 2954 oculis

125 2986 268 3046 cernehat.
283 2983 413 3054 ninguido
426 2997 500 3050 aere,
512 2991 540 3038 et
560 2981 632 3053 quali
647 2981 734 3039 solent
748 2981 870 3040 homiues
883 2984 919 3045 ad
972 2991 1000 3036 ut
1015 2981 1190 3054 splendorem
1206 2985 1268 3041 rite
1282 2986 1371 3043 uultus
1384 2987 1502 3059 signaret
1521 2986 1657 3057 detonari,
1677 2998 1706 3045 et
1717 2989 1764 3046 de·

124 3089 195 3138 tecta
221 3075 383 3149 coningere,
403 3077 557 3131 llarennam
582 3087 707 3145 egressus
734 3082 794 3142 est,
815 3086 842 3132 et
869 3090 919 3148 per
971 3076 1086 3145 positam
1101 3074 1215 3146 pluriam
1226 3076 1281 3146 ianr
1300 3091 1372 3132 nunc
1392 3078 1545 3147 percepisse
1557 3077 1703 3146 gloriosum
1718 3093 1765 3134 ras

125 3186 220 3230 omnes
239 3168 361 3228 AEmiiie
380 3167 503 3223 ciuitates
526 3166 599 3223 celer
622 3167 715 3233 venit,
741 3176 866 3239 unquam
882 3168 918 3224 ad
972 3165 1140 3234 crederetur,
1165 3165 1192 3221 iu
1211 3181 1265 3239 quo
1279 3181 1343 3223 aere
1365 3165 1416 3222 init
1429 3168 1571 3225 thesaurus
1583 3169 1675 3242 manni
1694 3172 1764 3243 renis

126 3263 243 3336 sepulcri
261 3258 460 3331 receptaculum
471 3272 635 3330 properans:
653 3259 779 3316 omnihus
790 3260 920 3317 sacerdo·
970 3255 1220 3329 inclusqunteibi
1234 3259 1340 3315 luerunt
1352 3259 1463 3316 humina
1476 3261 1765 3336 herimarumqmuti

126 3357 230 3415 tihusin
241 3356 338 3413 itinere
349 3353 444 3426 positis
454 3354 607 3421 munihcus,
618 3353 781 3427 communis,
791 3353 919 3425 affabilis,
933 3331 958 3398 G
972 3348 1212 3421 planctus,siieho,
1223 3365 1257 3406 ne
1267 3348 1328 3420 p'ost
1337 3365 1468 3421 annosae
1481 3353 1614 3410 cunicula
1629 3356 1765 3415 novellum

127 3448 241 3522 ,ulmi
254 3450 262 3482 ι
276 3447 424 3520 ,menam
440 3445 604 3518 relinquens,
617 3460 648 3502 se
664 3445 723 3517 ipso
736 3446 919 3516 prestantior.
972 3440 1103 3497 dolorem*
1121 3441 1236 3511 scriptor
1260 3441 1399 3498 incutiam.
1427 3443 1598 3517 Quacumque
1616 3446 1654 3503 ihi
1679 3458 1766 3507 ιιιιιι

127 3540 164 3599 tls
177 3540 303 3597 Parmam
313 3549 404 3595 tamen
417 3537 536 3607 eiusdem
550 3537 601 3594 rim
621 3538 757 3608 iarnressus
770 3544 811 3594 est
824 3537 917 3594 cirita·
971 3532 1056 3600 rems,
1071 3532 1211 3590 liberatum
1234 3534 1358 3590 clamarit
1372 3534 1406 3590 ab
1421 3535 1466 3590 illo
1482 3535 1584 3605 lilium;
1600 3553 1765 3611 quacunque

127 3643 196 3697 tem.
211 3632 337 3691 continno
347 3647 410 3691 eum
422 3630 577 3702 eoagulatus
590 3632 618 3687 in
628 3630 751 3688 aitaiihus
767 3630 863 3687 humor
875 3631 919 3687 irr-
972 3638 1051 3692 uxor,
1065 3630 1210 3697 maritum
1227 3642 1396 3700 quaecunque
1408 3641 1496 3696 soror,
1511 3630 1637 3698 iratrem;
1653 3632 1697 3703 qui
1708 3647 1764 3690 cas·

128 3725 210 3792 ludit,
221 3740 298 3796 quem
310 3725 462 3782 catharrum
476 3724 573 3783 medici
585 3734 698 3781 uocant:
713 3724 757 3795 qai
771 3738 803 3781 se
814 3723 919 3781 medul-
972 3711 1042 3788 lehs,
1058 3735 1089 3778 se
1102 3720 1198 3793 ipsum.
1208 3722 1349 3778 Postremo
1361 3721 1388 3777 iu
1399 3722 1444 3778 illa
1460 3731 1532 3779 tanta
1545 3723 1683 3781 hominurn
1695 3726 1765 3782 mul·

128 3816 194 3874 litus
203 3820 325 3874 inseram
336 3817 364 3873 in
375 3817 479 3873 ruinam
493 3818 627 3889 pnhiicam
637 3817 782 3875 seruiebat.
791 3816 844 3874 Sed
854 3817 920 3889 quid
972 3814 1086 3871 titudine
1110 3825 1136 3871 et
1165 3822 1316 3884 conuentu,
1343 3822 1373 3869 ut
1394 3815 1523 3872 audenter
1550 3815 1659 3884 dicam,
1683 3820 1765 3879 tutius

125 3906 256 3967 iormidm
269 3907 383 3964 oratioi
405 3908 470 3980 quid
484 3908 581 3965 aelut¹
598 3908 674 3964 nasis
688 3907 777 3979 inanes
791 3908 920 3978 scopulos
971 3906 1046 3963 orbis
1062 3922 1143 3965 nemo
1160 3905 1211 3963 luit
1228 3907 1273 3980 qui
1289 3906 1428 3983 beneflciis
1442 3906 1514 3964 illius
1532 3906 1633 3980 aliquid
1650 3911 1765 3969 narrate.

127 3998 334 4073 perhorrescisi
349 3998 434 4066 liclia,
448 3999 529 4070 nolis,
544 4004 571 4059 et
585 4001 607 4055 si
629 4000 754 4066 strictim,
769 3998 845 4069 cujus
862 3998 920 4054 aila
972 4001 1057 4058 heret.

125 4093 197 4149 dicta
210 4097 262 4161 ιιι,
276 4092 428 4149 narrandus
441 4104 484 4149 est
496 4092 586 4150 ohitos
599 4110 607 4148 ι
632 4093 758 4164 quonum
772 4091 844 4148 nulla
856 4104 920 4161 pro·
1007 4093 1061 4150 Sed
1080 4107 1171 4164 queso
1183 4091 1239 4166 iam
1259 4104 1440 4166 temperemus
1458 4093 1614 4173 alluclilrus
1628 4108 1636 4151 ι
1655 4103 1765 4154 conha-

125 4186 251 4243 tensione
280 4184 387 4251 libelii,
415 4183 496 4240 nuliis
519 4184 719 4241 dilatationibus
744 4181 918 4253 promulgatae
971 4194 1042 4242 ιιιιιι
1057 4186 1164 4243 tristitia
1180 4187 1348 4243 resolvamus
1363 4185 1489 4244 irontem.
1505 4188 1617 4247 Excelsa
1632 4204 1692 4246 cum
1707 4187 1764 4245 lieo

125 4278 361 4347 hudintransitus
376 4279 461 4350 ipsius
479 4281 579 4351 poterit
587 4278 727 4336 occultari.
743 4278 777 4333 lit
795 4275 919 4348 quamuis
972 4278 1106 4350 possidet,
1125 4279 1160 4336 ob
1179 4279 1257 4350 cujus
1273 4280 1375 4335 obitum
1392 4296 1539 4339 iuraremus
1560 4283 1587 4337 in
1605 4284 1695 4340 mrris.
1710 4283 1765 4341 Sed

124 4370 201 4427 reiut
219 4369 354 4443 Scyllmos
371 4384 454 4428 canes
471 4382 499 4428 ιι
521 4371 628 4443 patulas
643 4368 795 4442 Charybdis
809 4370 918 4435 lauces,
972 4360 1520 4443 ouidlaeiam,quodremediatorisrestri
1534 4372 1668 4442 singultus
1682 4371 1765 4429 rerlra
1861 4417 1867 4428 .

125 4467 233 4539 hanoea
260 4467 417 4527 discrimina
442 4482 579 4525 nmrmuse
599 4466 754 4523 minitantes
782 4464 919 4522 velilicans
971 4454 1119 4516 dililciunti
1134 4458 1260 4530 lacrymae
1275 4473 1322 4515 ora
1341 4452 1523 4530 proluniluntl
1543 4460 1672 4531 mugitum
1687 4474 1763 4516 reso·

126 4560 216 4617 carina
229 4558 363 4631 alnensi,
377 4559 467 4617 unitus
478 4560 538 4631 sim
554 4542 719 4632 mutuantem
738 4574 794 4616 non
806 4559 917 4615 omittit.
971 4560 1019 4609 nat
1032 4566 1114 4608 omne
1128 4550 1200 4623 quod
1214 4552 1346 4623 eloquori
1358 4559 1385 4609 at
1402 4550 1523 4624 iutellipo
1533 4551 1605 4624 quud
1623 4565 1771 4624 uunquam

127 4650 192 4720 liuid
207 4651 290 4708 rietus
302 4664 413 4708 narrare
424 4660 527 4721 metae,
538 4665 607 4723 nuos
616 4651 744 4707 continua
756 4662 864 4721 semper
876 4663 920 4706 ne·
971 4643 1005 4702 ad
1020 4644 1128 4701 lientem
1142 4644 1210 4702 iens
1223 4643 1293 4702 hene
1309 4643 1400 4702 seruiat
1414 4643 1576 4702 consolator.
1592 4643 1656 4701 ilac
1667 4652 1764 4701 sanem

128 4758 201 4802 mue
214 4752 261 4802 ιιι
270 4753 301 4799 ιι
322 4751 453 4805 ιιιιιιιιιι
466 4742 584 4802 munet
608 4745 678 4816 cans
691 4742 756 4801 duat
775 4757 806 4800 se
820 4741 920 4815 oppido
931 4708 960 4772 D
970 4736 1046 4795 Patri
1053 4747 1079 4795 et
1089 4737 1193 4794 doctori
1209 4736 1372 4808 peritissimo
1382 4737 1494 4795 idoneus
1503 4736 1600 4796 allecto
1613 4739 1764 4799 nonsum-

128 4835 273 4903 lirieeusi,
284 4853 356 4895 uuae
365 4838 478 4907 ιιιὶιιιι,
491 4838 693 4910 pmpinqnarit,
704 4838 780 4910 quasi
793 4836 884 4894 alacer
893 4846 921 4893 et
971 4831 1007 4888 tin
1016 4830 1146 4902 impendi,
1155 4829 1335 4902 utaliquosde
1344 4830 1547 4889 conuersatione
1556 4830 1627 4888 iltius
1634 4831 1764 4895 torculos

130 4945 207 4987 mnus
222 4931 351 5002 apparuit
366 4946 375 4985 s
400 4930 472 5002 qued
482 4930 548 4987 iicet
563 4945 626 4988 carm
640 4930 652 4964 ⁸
664 4929 788 4986 omnihus
801 4928 921 4985 exsulta·
972 4922 1121 4995 relegerem
1136 4938 1143 4989 ;
1159 4928 1188 4978 ιι
1205 4930 1248 4978 ιιι
1261 4922 1371 4995 longum
1389 4921 1441 4979 iter
1454 4920 1594 4993 arentibus
1604 4923 1633 4980 in
1648 4939 1697 4983 usu
1712 4943 1763 4998 po·

131 5023 245 5079 uastum
265 5023 305 5080 oh
326 5022 442 5081 reditura
459 5037 538 5080 suurn
559 5023 707 5094 introisset,
727 5022 801 5079 illico
823 5020 919 5092 gandia
971 5017 1065 5083 situm,
1079 5014 1126 5086 qui
1146 5005 1200 5071 non
1215 5028 1310 5071 omnes
1330 5012 1423 5071 ohnios
1437 5013 1616 5072 consalutent.
1632 5015 1761 5091 Tauriisi,

130 5118 205 5173 sans
218 5117 248 5174 ns
262 5117 413 5191 huynes,
435 5132 537 5189 „geum
552 5132 583 5174 ιι
595 5132 658 5176 02„
678 5117 738 5188 ipss
754 5115 798 5172 nte
815 5112 920 5185 signill-
970 5107 1061 5163 anima
1075 5107 1148 5180 apud
1162 5106 1370 5180 itedemptorem
1392 5116 1513 5165 ιιιιιιιιιι
1528 5116 1692 5180 prepotens,
1711 5115 1762 5170 tal-

131 5208 292 5274 eaas,aitera
302 5209 467 5280 grauiorem.
476 5208 581 5267 literam
591 5207 720 5280 semitm
731 5220 781 5278 per
790 5204 850 5262 dies
861 5203 919 5259 ain·
972 5204 1036 5271 hue,
1048 5214 1078 5261 ut
1087 5219 1151 5261 cura
1162 5218 1262 5260 naeuus
1272 5211 1300 5258 et
1312 5209 1422 5274 pectore
1432 5200 1511 5271 liher,
1523 5202 1622 5260 munda
1635 5204 1683 5261 tihi
1693 5204 1763 5262 sicut

132 5300 202 5368 salos
215 5309 360 5374 appareret
373 5302 528 5369 inllrraitas,
541 5300 632 5373 adiuta
649 5307 694 5358 est
713 5297 848 5370 imperitia
861 5310 918 5355 ms·
971 5295 1105 5356 deheutm
1119 5296 1253 5370 precenta
1262 5295 1378 5353 anundus
1387 5297 1538 5355 exsoluam.
1548 5294 1588 5356 lie
1599 5307 1699 5359 enters
1713 5298 1762 5353 iu·

162 5437 339 5512 ’Βιιιιιιιιι
357 5434 516 5567 relinquen&
539 5434 597 5495 iloe
613 5445 672 5506 est,
687 5445 716 5494 nt
739 5436 916 5508 interpretur,
969 5438 1043 5511 num
1057 5437 1147 5495 lacere
1157 5430 1550 5513 estpunderarectrntiuaqua
1566 5437 1759 5512 nummatas,

514 5509 645 5582 senellam
662 5506 735 5566 enirn
761 5507 916 5577 appellasse
969 5507 1101 5580 emgella.

31 5612 33 5629 ,
129 5579 249 5635 sidentur
272 5580 370 5637 iihram
385 5595 434 5637 seo
453 5581 590 5648 trutinam,
607 5579 642 5637 als
660 5593 694 5635 eo
712 5578 816 5635 scilicet
838 5577 913 5635 iente
1002 5578 1090 5643 ‘stri
1104 5576 1261 5650 nomiropos.

128 5661 205 5720 anno
217 5652 359 5724 etsginam
372 5662 399 5707 et
412 5652 548 5723 exagium.
564 5651 595 5707 ln
613 5650 722 5721 annena
736 5648 913 5717 inscriptione
1002 5647 1014 5681 ⁸
1028 5647 1092 5713 Alii,
1109 5648 1233 5704 omnium.

127 5736 187 5789 nnat
203 5726 320 5778 eontinet
343 5722 460 5779 edictum
483 5720 631 5792 aproniani
650 5718 681 5779 P.
698 5720 729 5776 ll.
747 5721 797 5776 suh
816 5720 914 5792 exagio
1001 5718 1270 5794 ‘Quisnaonmimsm
1292 5716 1425 5792 octonem]
1446 5716 1565 5774 ῠιιιιιῐι
1583 5715 1677 5773 ιιιιιι
1694 5716 1757 5786 lipi-

127 5802 221 5861 peoora
243 5792 378 5857 resedere,
399 5802 440 5848 est
462 5807 579 5863 appensa
602 5792 728 5847 vendere.
755 5791 830 5846 Zeno
848 5791 913 5846 item
965 5790 1080 5863 phanias
1093 5805 1130 5845 ιιι
1143 5788 1195 5845 rai.
1207 5790 1336 5847 Februar.
1353 5789 1415 5845 anni
1426 5787 1489 5855 sel,
1503 5802 1575 5844 atrro
1588 5789 1676 5845 aetatis
1689 5788 1757 5847 duu-

127 5873 246 5917 surnonc
268 5862 337 5918 had
361 5863 522 5935 neophytos,
537 5862 662 5931 linistis,
684 5861 781 5931 innuit,
796 5860 914 5930 minem:
965 5862 1063 5918 desem
1112 5860 1167 5915 'mu
1185 5860 1305 5916 nondum
1318 5860 1435 5928 expleto.
1451 5858 1539 5925 Quare
1553 5870 1632 5920 natus
1650 5860 1756 5917 ridetur

126 5931 240 6000 mopiam
256 5930 348 6002 somn,
359 5934 574 6001 quemadmodem
588 5931 663 5989 uultis
676 5931 824 6004 possimne.
842 5930 913 5989 lixa·
965 5946 1010 5987 an.
1027 5932 1062 5987 le
1081 5966 1090 5997 ,
1105 5939 1211 5988 creatus
1225 5933 1370 6002 epiecopus
1383 5942 1454 5986 anno
1468 5927 1534 5986 lul.

151 6118 265 6138 Qut-..U
352 6129 359 6137 ι
