4248 6262
315 385 364 444 sss
686 392 692 397 ·
825 423 830 427 .
966 374 1154 437 notuisse
1172 371 1272 435 stum
1896 382 1952 448 ,gg

315 496 448 557 ordinatio
469 504 552 570 atque
566 501 703 568 smoepts.
726 491 829 551 daeurr
847 505 912 548 tero
925 491 1101 550 clementiore
1114 500 1140 557 A
1153 493 1254 550 onitate
1267 503 1376 567 recepta
1388 500 1527 568 pungatur.
1540 495 1700 569 specialiter
1715 504 1806 555 autem
1820 508 1951 571 deprece-

315 592 430 664 quodam
443 591 580 662 indigeant
593 587 775 646 moderantius
790 587 817 643 in
832 584 985 643 nominibus
999 585 1106 643 anunti-
1156 602 1216 643 ntur
1230 586 1396 660 pontificium
1408 598 1529 647 restrum
1544 598 1573 648 ιιι
1586 605 1636 663 pro
1649 591 1727 649 nobis
1737 591 1854 665 bongno
1866 593 1952 655 ostris

315 691 383 748 tum,
406 698 459 739 nou
482 696 577 739 eorum
600 681 645 749 oui
667 679 818 752 specialiter
839 679 973 735 numerati
995 687 1060 737 sunt
1077 678 1104 735 in
1155 678 1471 752 snimoorareiubsatis.

314 775 428 848 epistota
438 789 519 846 ouaru
532 771 684 831 sanctitudo
697 783 742 830 tua
755 772 833 830 nobis
846 771 999 830 destinasse
1016 772 1106 829 nosci·
1469 772 1637 832 srtstots

314 875 370 933 tur,
385 864 433 921 sed
442 864 561 921 aliorum
576 879 689 935 quorum
702 863 860 921 memoriam
873 864 997 920 maxime
1012 863 1107 920 eisita-
1383 878 1499 921 susurrus
1513 881 1547 922 uo
1561 880 1722 924 montuosus.

314 965 357 1015 tes
367 957 492 1027 diligunt,
502 956 529 1013 iu
539 957 767 1029 quibusdorulsse
778 967 926 1013 noscuntur
935 957 1104 1028 superstites.
1413 953 1567 1026 Pontificem
1580 958 1688 1016 most.

314 1049 482 1121 Quapropter
501 1049 597 1122 tegulis
616 1049 727 1122 quidem
751 1056 805 1105 tuae
826 1048 1013 1107 sanctitudinis
1033 1048 1106 1106 nutis
1192 1044 1307 1102 bonine
1329 1044 1485 1105 bestissitno
1499 1057 1580 1121 utque
1595 1050 1752 1121 apostolicus
1770 1051 1843 1110 sedis
1855 1053 1954 1124 proba-

314 1143 363 1199 iuit
382 1143 489 1200 lieentia
509 1142 629 1199 mundati
651 1150 773 1200 tenorem
793 1141 960 1214 egrediendi,
976 1157 1037 1199 cunt
1052 1155 1107 1214 quo
1157 1136 1261 1195 tissime
1280 1138 1399 1210 pontillci
1420 1137 1571 1198 tlormisde
1586 1155 1664 1214 pepe
1678 1144 1748 1217 patri
1765 1142 1872 1202 tiliana
1886 1147 1953 1205 lui·

313 1233 408 1290 directi
431 1242 507 1291 sunt.
526 1233 619 1291 timuis
638 1243 728 1291 autem
745 1233 807 1290 inis
826 1231 925 1320 negotii
944 1240 1035 1290 restro
1049 1232 1107 1304 ism
1156 1229 1210 1287 cio.

313 1334 417 1383 tatttum
437 1326 537 1399 pendet
558 1326 690 1392 arbitrio,
704 1325 820 1382 utsolus
838 1339 931 1397 pacem
946 1323 1109 1383 concludere
1193 1325 1258 1394 ere
1272 1326 1358 1399 prima
1373 1336 1436 1384 sunt
1455 1334 1510 1384 tue
1532 1327 1704 1387 beautudiois
1716 1329 1886 1388 salutationis
1902 1332 1954 1389 ob·

313 1418 408 1476 dcbest
421 1419 467 1490 gui
481 1417 567 1490 prima
580 1418 619 1475 rei
636 1416 782 1475 commouit
793 1416 926 1473 exordia:
943 1415 992 1473 sed
1002 1431 1033 1473 es
1048 1414 1108 1487 pui-
1157 1419 1251 1490 sequia
1263 1419 1454 1490 persolvimus,
1468 1429 1593 1493 munies
1612 1432 1642 1478 ut
1663 1422 1733 1481 bauo
1755 1425 1877 1496 pagiuam
1899 1426 1953 1483 tuis

317 1510 391 1577 dent.
404 1525 455 1567 nec
469 1525 523 1567 non
544 1509 678 1580 qondam,
688 1508 971 1565 commemorabuntur
988 1505 1108 1580 apertius
1157 1509 1319 1566 venerandis
1342 1509 1483 1568 obtutibus
1505 1511 1635 1569 Divinitas
1658 1515 1737 1571 taclst
1757 1516 1906 1582 mensori,
1923 1525 1953 1574 ct

311 1618 361 1676 per
373 1605 489 1676 tegulum
502 1612 639 1671 nostruin,
655 1603 700 1675 qui
712 1601 791 1674 paulo
804 1609 866 1673 post
878 1599 1066 1659 destinabitur.
1077 1597 1107 1656 ln
1156 1615 1208 1671 pro
1218 1616 1276 1658 sue
1291 1600 1419 1659 Ecclesia
1431 1601 1523 1675 rigore
1542 1614 1686 1677 augmenta
1706 1603 1836 1662 sstutsrls
1853 1610 1952 1663 restrae

312 1699 437 1772 presenti
452 1714 518 1756 uero
535 1697 710 1756 redeuntibus
724 1696 791 1752 uiris
808 1694 1032 1767 religiosissimis,
1050 1702 1106 1749 tam
1157 1689 1219 1746 sits
1229 1688 1371 1762 sudrsgari
1385 1691 1527 1763 dignetur,
1541 1705 1674 1765 oustenus
1689 1705 1715 1753 te
1729 1695 1851 1767 pervigili
1867 1698 1952 1768 pessit

311 1789 499 1862 appellandum
511 1797 630 1846 vestrm
645 1788 824 1845 tererentiato
837 1785 1012 1853 credidimus,
1025 1800 1106 1856 emm
1156 1793 1250 1839 contre
1261 1782 1393 1841 adversm
1403 1792 1432 1840 ct
1441 1783 1549 1842 rabidos
1558 1800 1639 1843 osnes
1652 1795 1739 1843 sutus
1749 1785 1880 1847 Bedesis
1891 1787 1951 1843 tin·

311 1881 545 1950 commonendam,
561 1881 656 1937 utsuis
670 1879 836 1937 orationibus
850 1894 899 1950 pro
911 1887 1003 1936 nostro
1013 1886 1104 1936 utatur
1116 1871 1141 1934 B
1154 1873 1250 1931 dicuni.
1269 1873 1388 1944 Etenim,
1412 1874 1575 1933 uenerabilis
1598 1887 1686 1949 pater,
1707 1877 1779 1949 quod
1796 1877 1832 1935 de
1849 1886 1951 1936 notum

311 1971 435 2043 imperio,
451 1985 556 2043 proque
571 1971 700 2028 incolumi
718 1978 789 2027 statu
807 1970 971 2042 reipublice.
987 1970 1053 2027 tiata
1067 1985 1105 2028 nt
1155 1963 1219 2021 lldei
1237 1963 1392 2038 integritute
1414 1981 1505 2022 curam
1527 1967 1616 2038 geris,
1629 1967 1736 2024 uicsriis
1754 1968 1863 2041 gloriosi
1876 1968 1950 2026 Petri

310 2061 371 2120 idus
383 2061 458 2130 lolii,
472 2059 712 2134 Constantinopoli.
727 2059 861 2117 ilitaiisno
874 2068 901 2117 et
914 2060 1025 2118 ltustico
1039 2059 1104 2120 risis
1156 2055 1270 2127 aposloli
1290 2057 1341 2113 ists
1360 2058 1539 2125 conueniunt,
1554 2059 1597 2115 cui
1612 2059 1741 2117 {lominus
1755 2060 1949 2132 pascendarum

310 2155 465 2212 clarissimis
477 2155 634 2213 consulibus
647 2155 730 2227 (anno
744 2154 849 2210 bomini
862 2152 939 2227 ssu).
1155 2147 1246 2203 otium
1260 2145 1377 2218 iniunxit
1388 2147 1516 2206 oilicium.
1534 2148 1684 2222 Cognoscat
1697 2162 1762 2224 ergo
1779 2160 1824 2209 tua
1838 2167 1886 2225 pro
1901 2167 1951 2210 uo·

625 2246 791 2305 EPlSTOtA
1155 2237 1197 2294 bis
1210 2245 1301 2295 sancta
1316 2238 1486 2307 sollicitudo,
1502 2255 1552 2297 nos
1570 2242 1674 2301 lirrnlus
1688 2251 1780 2302 unere
1794 2254 1875 2302 recte
1886 2245 1949 2305 iidei

455 2354 598 2397 gum-gg
613 2354 741 2397 iugum
752 2355 786 2396 gp
798 2352 959 2395 prognem.
1155 2330 1309 2388 tirmitatem
1325 2331 1512 2389 immobilem:
1528 2347 1577 2403 pto
1595 2348 1647 2405 (illd
1670 2350 1704 2392 tle
1722 2335 1781 2406 eju!
1804 2337 1950 2395 uiolsretur

310 2430 472 2487 destituisti
484 2430 613 2501 pontifieis
619 2430 777 2486 metientibus
788 2446 815 2487 re
823 2429 936 2486 umens
945 2444 1023 2487 susm
1033 2443 1103 2484 cors·
1154 2423 1330 2481 nocumentis
1343 2423 1472 2482 bectenus
1483 2427 1699 2500 repugnavimus.
1715 2427 1792 2497 Quod
1807 2422 1871 2487 iero
1885 2440 1949 2491 tuus

655 2503 766 2558 Wit-
1153 2517 1321 2590 apostolatus
1343 2533 1395 2591 pro
1421 2528 1504 2576 unte
1529 2520 1636 2593 pietatis
1658 2536 1738 2579 causa
1761 2537 1853 2581 curum
1878 2524 1951 2585 terre

346 2594 493 2668 E⁰l¹t⁰⁰¹⁵³
508 2598 627 2667 Mitti·
638 2595 788 2652 fl⁰f¹¹¹i⁸t¹0
801 2610 887 2668 illd·
1153 2611 1302 2684 praecepit,
1316 2612 1346 2669 in
1363 2616 1493 2685 quintum
1514 2615 1651 2686 potuimus
1670 2630 1720 2686 pro
1735 2620 1836 2674 nostris
1846 2618 1951 2677 uiribus

343 2685 520 2743 ffltiwditltt
531 2696 628 2743 vestm
644 2686 749 2743 litteras
760 2693 836 2757 illd)
852 2685 1027 2758 iucundoque
1040 2697 1103 2741 ⁸¹¹⁸·
1154 2718 1208 2761 non
1226 2702 1375 2761 desinimus
1394 2704 1492 2777 spiritu
1506 2705 1624 2763 tenuitatis
1640 2707 1769 2765 aduersos
1791 2709 1949 2782 amouere,

309 2779 430 2852 cepimus
443 2781 534 2836 animo
550 2797 557 2833 z
571 2793 650 2851 quern
664 2778 764 2835 etenim
777 2776 834 2835 'non
849 2776 1103 2849 sotumspntotice
1154 2803 1182 2852 eg
1195 2795 1243 2852 pei
1258 2795 1335 2853 nobi,
1344 2797 1431 2870 mg.
1444 2808 1606 2869 0009an
1607 2836 1663 2856 ,,,,,
1676 2801 1895 2876 acaunum,

307 2872 382 2929 sedis
394 2871 541 2929 auctoritas
554 2870 689 2939 celebret,
703 2870 751 2927 sed
765 2870 827 2927 vitm
844 2884 950 2941 quoque
967 2882 1104 2925 commen·
1403 2911 1569 2971 mmm
1584 2913 1697 2971 mm·

308 2963 356 3021 dat
370 2964 519 3035 integritas,
535 2972 562 3019 et
574 2962 694 3020 studioso
709 2971 789 3020 recte
805 2961 866 3019 iidei
879 2960 1006 3027 solertis,
1023 2960 1103 3030 huius

308 3054 391 3160 uerba
401 3053 461 3126 quis
473 3068 527 3110 non
542 3052 727 3111 libentissimis
737 3053 866 3157 suscipiet
880 3051 1103 3155 auribusllgitur
1191 3093 1328 3151 mmm
1340 3095 1424 3153 ”m
1439 3105 1463 3152 a
1476 3095 1750 3169 mmmmm
1763 3099 1910 3174 wem

308 3159 484 3219 possumusne
494 3144 956 3202 monemusutoruttontbusrestrrs
966 3156 1102 3214 nunquam
1190 3184 1331 3242 „omma
1344 3186 1440 3260 lmus
1453 3187 1521 3244 m·

304 3235 423 3294 etoedtl
436 3251 534 3293 ”⁰⁰¹²ss
546 3250 649 3303 ‘dium‘
663 3251 695 3293 ⁸⁰
708 3237 843 3308 ”mim
857 3234 1024 3293 memmi
1035 3248 1141 3338 ⁰⁰¹2·ss
1189 3275 1229 3333 lta
1251 3292 1301 3334 nos
1322 3279 1513 3336 incolumitatis
1535 3288 1563 3336 ct
1584 3258 1697 3338 actuum
1713 3289 1862 3344 vestroruin
1880 3302 1946 3350 cura

308 3329 379 3401 jugis
393 3327 495 3396 nostri,
510 3327 557 3382 sed
573 3335 627 3383 tans
643 3326 751 3396 utrique
765 3333 935 3391 nostrorum,
951 3337 1032 3395 quam
1046 3339 1101 3430 reu·
1154 3370 1291 3443 minem,
1307 3378 1338 3428 u,
1348 3371 1471 3443 qumi,
1486 3372 1671 3444 smmum,
1686 3378 1874 3437 mmm,
1892 3397 1947 3443 m

309 3418 422 3491 politice
441 3431 590 3490 supernum
613 3416 738 3490 precibus
757 3416 856 3474 uestris
873 3417 995 3488 piscetur
1010 3431 1104 3488 praesr-
1155 3465 1392 3534 pmmmug
1412 3464 1527 3534 immi.
1545 3467 1679 3524 cesum
1699 3483 1749 3526 no,
1771 3470 1807 3529 g,
1828 3471 1870 3529 gi,
1886 3490 1947 3546 qu„

308 3509 393 3568 Μ’
526 3602 529 3607 »
625 3578 792 3636 gpgsgogg
1153 3554 1225 3611 circs
1239 3568 1287 3610 ros
1296 3564 1412 3627 aguntur
1423 3555 1483 3613 lieri
1495 3556 1592 3613 iussis
1605 3557 1755 3616 destinatis.
1766 3556 1832 3618 lium
1844 3571 1873 3620 et
1885 3573 1946 3624 eum

540 3686 651 3730 cmm
664 3686 871 3729 ,mmm
1153 3662 1202 3719 per
1224 3647 1360 3706 bominem
1380 3649 1493 3706 illustris
1512 3649 1561 3706 uiri
1584 3659 1665 3723 atque
1688 3654 1823 3725 mtgnidei
1841 3656 1946 3727 petrioli

308 3766 461 3839 mmm„
473 3782 551 3837 ,pm
561 3765 784 3838 &mnu-„0903
797 3781 884 3821 ,mm
894 3766 1001 3837 ,um-g„
1010 3767 1102 3834 ,m
1153 3739 1203 3796 tilii
1213 3741 1299 3798 nostri
1314 3741 1419 3813 Agapiti
1428 3739 1571 3799 desideriis
1585 3743 1682 3800 restris
1695 3758 1827 3818 oottgruos
1839 3749 1946 3806 miseri·

354 3836 422 3908 quoti
434 3847 458 3893 et
472 3838 499 3892 in
513 3835 573 3894 otiis
586 3836 728 3892 ciuitatibus
741 3836 810 3893 breui
822 3841 938 3907 [ulmum
955 3846 1051 3907 speret.
1153 3832 1334 3901 muudatus,
1347 3841 1376 3890 et
1386 3848 1457 3890 nuuc
1469 3847 1578 3906 quodue
1592 3836 1735 3894 anxietatis
1747 3847 1843 3896 vestm
1853 3842 1946 3899 credi·

297 3997 300 4001 .
343 3926 458 3984 tiomiuo
479 3928 635 3985 beatissimo
654 3937 684 3985 et
701 3928 851 4000 apostolico
863 3929 931 4000 putri
953 3926 1103 3985 llortuisdm
1153 3921 1242 3979 dimus
1251 3922 1397 3992 solatium,
1412 3924 1435 3980 si
1449 3923 1483 3980 ad
1496 3938 1544 3981 tos
1557 3928 1700 3998 precem
1713 3930 1811 4002 scripta
1822 3930 1945 3992 mittere-

307 4018 386 4076 ceter
401 4019 441 4077 tir
452 4020 575 4076 illustris.
1153 4031 1213 4073 mus
1224 4033 1232 4073 ε
1245 4025 1348 4073 tanum
1359 4018 1402 4074 est
1414 4024 1444 4073 ut
1454 4018 1490 4076 de
1499 4019 1603 4077 actibus
1614 4029 1697 4093 atque
1706 4024 1836 4094 sospitate
1844 4038 1946 4097 restra,

1423 3021 1458 3060 ab
1473 3019 1590 3063 actm
1605 3020 1678 3063 luob-

343 4112 458 4169 Maxime
471 4112 550 4170 nouis
569 4113 756 4185 menterioni,
771 4128 851 4172 mega
866 4122 1018 4186 praetenue,
1032 4127 1102 4187 quo.
1153 4122 1204 4165 nec
1217 4124 1270 4166 uon
1282 4119 1310 4166 et
1323 4110 1358 4165 de
1368 4124 1442 4166 mort
1464 4125 1511 4182 per
1522 4126 1603 4183 quum
1613 4127 1662 4169 ros
1674 4113 1788 4172 detineri
1801 4117 1946 4188 plurimum

308 4203 377 4261 tiens
387 4203 420 4259 nd
433 4204 738 4275 apostolatumuestrum
752 4205 888 4263 scribendi
901 4218 1007 4276 tempus
1018 4220 1103 4265 emer·
1152 4199 1286 4269 dulcinum
1300 4200 1428 4259 retetetis
1439 4215 1489 4258 uos
1502 4202 1684 4276 alloquiissub
1697 4208 1840 4267 occasione
1849 4210 1945 4271 idonea

307 4295 383 4353 serit.
393 4294 468 4353 liuns
480 4295 562 4367 igitur
575 4305 713 4355 remeante
726 4297 882 4355 beatissimo
894 4297 1030 4356 Germano
1043 4299 1100 4370 epi·
1154 4293 1302 4365 portitoris.
1318 4294 1383 4350 lists
1407 4311 1432 4350 rt
1450 4294 1510 4352 idus
1528 4294 1625 4365 lutiae,
1642 4298 1754 4357 ltustieu
1768 4303 1829 4359 tiro
1850 4302 1946 4362 daris·

307 4401 401 4457 scopo,
416 4387 459 4445 tel
473 4389 704 4447 reverendissimis
713 4390 789 4457 uiris,
801 4390 846 4463 qui
862 4391 964 4450 euobis
974 4407 1023 4462 pro
1036 4407 1102 4451 oon·
1153 4386 1222 4443 simo
1236 4387 1348 4445 ‘tntilli
1358 4389 1440 4458 (θ’1ῃο
1453 4389 1561 4445 ὓθῦῑῦῑ
1576 4389 1650 4464 52⁰)-

306 4478 449 4552 iungendis
464 4481 565 4540 sancus
583 4480 712 4539 Ecclesiis
735 4483 842 4540 luerunt
855 4468 993 4555 destinati,
1008 4500 1102 4543 neccs-
1410 4499 1578 4561 pppspogg
1593 4501 1688 4562 mg,

306 4574 406 4629 surium
417 4572 841 4633 duximussunctltstemtestruto
852 4577 952 4634 debere
964 4578 1098 4648 reuereri,
1113 4626 1141 4691 D
1467 4609 1501 4648 g„
1516 4608 1630 4651 mm,

307 4665 458 4724 iudicantes
481 4667 632 4725 antedictos
653 4666 779 4725 babuisse
798 4669 906 4741 quidem
929 4669 1048 4727 studium
1070 4679 1101 4729 ut
1153 4680 1216 4737 Cure
1237 4683 1434 4740 eorsmiitterur
1457 4700 1509 4741 nott
1525 4686 1664 4758 deceperit,
1680 4686 1766 4746 mouit
1779 4701 1808 4745 ut
1821 4692 1942 4753 smibsttt.

307 4756 472 4814 voluntatem
492 4769 609 4816 uestram
629 4761 724 4831 plenus
736 4770 894 4833 sequeretur
908 4760 1036 4830 ellectus;
1051 4762 1100 4820 sed
1188 4772 1329 4831 iiormisda
1350 4775 1484 4834 Germsoo
1505 4780 1649 4850 episeopo,
1665 4780 1748 4839 Felici
1770 4791 1799 4841 et
1816 4785 1945 4849 llioseore

307 4850 370 4920 quis
382 4858 466 4907 totum
476 4865 575 4922 corpus
586 4863 645 4909 eust
658 4853 804 4922 indrmorn,
813 4854 921 4912 interim
930 4856 1099 4929 eaput,quod
1151 4864 1284 4936 diaconis,
1298 4878 1326 4924 et
1340 4866 1441 4926 Btsndo
1453 4872 1620 4945 presbytero.

307 4941 382 5010 prius
404 4946 585 5003 nemineum
603 4945 756 5016 judicatur,
775 4948 897 5005 sdbibito
922 4950 1101 5008 medicamine
1188 4958 1300 5016 Animos
1314 4969 1421 5018 nostros
1437 4968 1491 5018 tant
1510 4963 1665 5021 diuturnum
1680 4966 1833 5027 dilectionis
1846 4983 1944 5035 vestre

306 5039 397 5085 uestro
416 5044 539 5090 munuum
557 5045 617 5103 est,
631 5045 660 5094 et
672 5037 807 5097 dissensio
820 5054 880 5110 ons
895 5049 954 5097 erut
967 5042 1037 5098 inter
1056 5056 1102 5100 to·
1152 5052 1300 5122 silentium,
1309 5063 1340 5110 ut
1351 5061 1486 5113 tantorum
1498 5066 1648 5130 tentporurn
1657 5062 1801 5122 contristat
1809 5066 1943 5141 absentis,

307 5121 443 5179 ncrsblles
461 5122 595 5184 decimus
610 5127 756 5187 llomsnanr
779 5138 807 5188 ct
826 5128 1098 5221 Constantinopolita-
1152 5145 1285 5216 precipue
1306 5162 1366 5204 cum
1379 5148 1422 5205 uir
1435 5150 1591 5223 megnidcus
1614 5155 1944 5232 pstnciussymmsclrns,

306 5232 369 5274 trent
390 5218 492 5275 unitate
514 5221 712 5282 interveniente
730 5226 835 5299 sepulte
854 5233 906 5293 est,
926 5233 955 5283 et
973 5227 1026 5283 alia
1042 5240 1097 5284 nou
1150 5243 1179 5294 et
1193 5237 1234 5294 rlr
1248 5237 1360 5296 illustris
1372 5238 1510 5299 Romnum
1524 5244 1653 5317 magister
1667 5246 1784 5306 militum
1800 5250 1847 5308 ltili
1857 5254 1944 5311 nostri

307 5323 388 5380 parra
406 5309 526 5367 membru
550 5312 646 5370 similis
664 5315 815 5375 bisinitstis
828 5317 914 5389 gratis
928 5326 1039 5389 purgata
1055 5328 1098 5377 st·
1151 5329 1266 5387 reditum
1294 5331 1363 5402 apud
1393 5347 1443 5391 nos
1465 5336 1585 5396 mrltstis
1606 5345 1705 5396 vestre
1729 5342 1790 5399 sine
1814 5342 1944 5405 ditatione

305 5417 359 5475 que
370 5401 524 5475 coniuncta.
539 5404 614 5462 iisne
626 5407 706 5464 etiam
726 5423 801 5480 spent
823 5410 941 5482 gerimus
963 5409 1096 5480 uniuersi,
1150 5419 1323 5493 promiserint
1333 5463 1342 5491 ,
1353 5433 1381 5481 et
1393 5425 1547 5497 ignoramus
1556 5437 1644 5487 utrout
1654 5430 1710 5488 iilic
1720 5446 1862 5492 mutamur
1876 5454 1944 5509 oua·

304 5494 377 5568 quod
393 5494 478 5568 gratis
493 5496 557 5566 liei,
571 5513 631 5571 que
645 5513 752 5571 semper
763 5501 822 5560 sedl
839 5511 936 5560 restro
951 5503 1099 5575 permansit
1151 5512 1229 5579 titas,
1241 5527 1276 5569 sn
1290 5524 1365 5573 certe
1385 5516 1459 5575 tratn
1476 5520 1564 5593 aliqua
1575 5522 1698 5582 simulata
1712 5528 1764 5584 sub
1779 5532 1944 5591 ueeoesttste

305 5597 333 5642 ct
347 5597 496 5659 permanet,
510 5588 661 5662 huiusmodi
676 5590 753 5649 uobis
775 5593 978 5664 inspirationem
990 5594 1097 5654 bonita-
1150 5603 1284 5673 detinest;
1304 5607 1365 5678 quit
1389 5610 1467 5668 nobis
1490 5613 1700 5675 sollicitudinem
1717 5618 1778 5679 siue
1789 5628 1943 5686 cessatione

305 5678 480 5782 tis-prebeat,
494 5683 773 5744 otmsusuetudineet
784 5685 987 5759 dispensatione
1008 5698 1097 5747 vestra
1148 5697 1321 5769 gerentibus,
1336 5708 1364 5757 et
1380 5716 1449 5773 pene
1463 5705 1603 5765 univorsos
1618 5708 1742 5770 homines
1755 5713 1810 5772 illst
1817 5732 1862 5774 um
1881 5733 1942 5790 pss-

305 5772 536 5876 retrquumadbuc
548 5792 656 5851 corpus,
671 5778 742 5852 quod
757 5779 872 5837 babetur
882 5781 1017 5839 intirmum
1029 5779 1095 5854 (sio-
1148 5789 1213 5845 uum
1227 5795 1474 5864 pereunctsntibus,
1485 5798 1590 5858 diuersa
1604 5810 1633 5858 et
1651 5802 1792 5864 dissimilia
1811 5809 1941 5877 rtuntiam

305 5870 335 5923 ut
358 5874 515 5937 supersues
537 5870 615 5931 nobis
636 5871 772 5945 dictum),
799 5885 890 5931 restro
918 5872 1095 5947 medimmipe
1147 5890 1192 5941 tur
1216 5900 1222 5937 :
1244 5893 1273 5944 et
1290 5884 1361 5961 ideo,
1378 5891 1505 5964 quoniatu
1526 5906 1576 5952 tos
1586 5907 1682 5955 causus
1701 5906 1784 5961 tante
1806 5902 1939 5971 urditstie
