4278 6266
356 386 406 443 dri
678 389 851 447 tersnoix
869 391 915 446 Ali
935 388 1056 446 Libuos
1076 391 1120 445 DE
1138 391 1394 453 constitutions
1414 399 1658 464 ettttosoeittm.
1935 418 1986 474 928

356 496 432 552 dicus
441 494 513 567 sape
527 496 696 563 lacitomnia,
711 505 826 554 utsanet
841 507 985 570 aegrotum,
1000 500 1046 555 sed
1055 509 1144 557 tamen
1159 501 1238 561 Acie
1250 503 1398 574 accipitur:
1411 509 1471 578 qnia
1484 513 1581 582 eritas,
1597 514 1648 571 boc
1662 526 1702 573 est
1715 526 1874 594 peremptio,
1887 526 1986 585 titoni·

356 604 410 644 nou
425 597 500 643 sanat
516 589 581 645 :sed
593 591 615 644 si
625 589 719 658 elicit,
731 593 802 647 nteit
816 606 909 657 sanos,
922 592 1047 662 jamniae
1062 593 1143 649 dubio

355 692 442 739 sanat.
462 686 604 737 bonrcoca.

390 772 535 844 beteriorn]
547 773 677 840 Deterior,
698 774 821 830 adetero
839 778 921 831 verbo
936 777 1044 833 dicitur.
1065 777 1142 835 Unde

355 872 383 919 et
398 864 507 919 tonnus
522 866 547 918 in
575 865 696 919 eamdem
721 866 941 935 significationem
969 867 1140 924 detritionem

356 969 404 1022 pro
420 954 588 1024 improbitate
603 966 629 1011 et
641 956 841 1025 detrimentum,
852 973 948 1013 noxam
962 962 1001 1016 rel
1014 962 1140 1017 darnmuu

353 1062 491 1100 voramus.
504 1052 647 1104 braicosa.

389 1134 512 1207 Monstri}
540 1138 686 1193 llnnsrum
702 1152 716 1193 a
733 1141 908 1197 monstrando
927 1161 934 1196 a
950 1143 1012 1210 quia
1034 1153 1141 1201 veteres

357 1229 487 1297 proauum
501 1223 605 1297 quotics
629 1240 747 1286 nroustra
770 1234 969 1300 proveniebant,
985 1251 1019 1290 ex
1033 1236 1073 1291 cis
1086 1252 1141 1291 uta·

352 1332 433 1387 quum
445 1318 552 1388 aliquod
568 1320 736 1386 maurimont
751 1322 853 1377 cladem
867 1325 1049 1379 imminentem
1065 1342 1142 1381 arou·

352 1410 444 1475 strari,
457 1409 527 1464 siunt
541 1419 568 1464 ct
587 1421 721 1465 ostentum
748 1413 782 1468 ab
802 1414 979 1481 ostendendo,
1002 1417 1071 1486 qarod
1092 1418 1142 1472 ab·

353 1500 415 1570 quil
428 1516 461 1556 eo
472 1506 589 1556 tutorum
603 1507 769 1566 ostendatur,
788 1514 815 1560 et
829 1516 992 1575 portentum,
1006 1510 1068 1577 quia
1092 1510 1141 1564 ali·

353 1590 415 1660 quid
434 1593 623 1660 protendat,id
648 1604 690 1650 est
714 1599 878 1663 pronuntiet,
904 1609 931 1653 et
950 1598 1098 1667 pronipium
1124 1617 1140 1655 a

354 1684 446 1752 procul
460 1686 563 1754 agendo
578 1686 685 1752 dicitur,
700 1689 762 1756 quia
782 1690 905 1744 solebant
919 1692 1063 1746 monstrosi
1076 1708 1139 1762 par·

352 1781 407 1838 tos,
421 1775 552 1843 sirpridem
575 1778 682 1833 bornuni
705 1788 806 1843 essent,
820 1779 956 1849 deportari
982 1781 1008 1835 ιιι
1022 1783 1138 1849 deserta,

352 1864 380 1920 lu
399 1865 479 1920 situas
500 1883 508 1921 ε
530 1867 554 1920 ιι
572 1878 731 1924 caeterorum
746 1872 917 1938 animalium,
944 1872 1141 1929 infodiebantur

352 1957 416 2011 riri.
430 1960 575 2013 sentenia.

389 2047 501 2113 eridnm
514 2059 615 2104 tuorum
626 2051 806 2126 familiarium]
817 2054 947 2110 Carneadi
955 2057 1030 2112 claro
1044 2057 1138 2127 impri-

356 2138 406 2191 mis
416 2141 517 2193 auctori
531 2156 606 2195 noun
620 2142 771 2199 Acaderuise
785 2145 910 2200 tribuitur
924 2145 982 2202 bae
994 2148 1137 2204 sententiat

353 2230 497 2286 donicata.

388 2316 581 2394 Fanniinrimn]
594 2323 704 2378 Familia
719 2340 733 2378 a
748 2324 872 2380 famulatu
884 2327 953 2382 dieta
970 2336 1050 2385 estet
1063 2329 1139 2387 iami-

350 2409 424 2467 liaris
438 2428 532 2467 seruus
548 2431 554 2466 ε
566 2415 679 2468 obtinuit
690 2415 787 2470 deinde
797 2419 1138 2490 currsuetuduutcoquatio·

350 2514 410 2557 treru
426 2502 587 2569 siquibraret
602 2503 710 2568 lararilin,
736 2505 806 2560 urrde
820 2508 1026 2575 patresfamilias
1038 2520 1065 2566 ct
1079 2524 1137 2566 ma·

350 2598 404 2646 tres
416 2600 443 2645 et
455 2593 648 2648 lliinstanuiias.
663 2597 808 2650 decreuit.

385 2678 530 2753 Siquidem]
545 2682 591 2737 iiie
604 2683 742 2752 teqerrouiu
754 2684 959 2757 esrdistiuetim,
972 2698 1000 2743 ιιι
1014 2688 1067 2745 siut
1076 2690 1136 2747 dattc

349 2767 481 2826 dictiones
496 2788 503 2824 ε
519 2786 589 2840 quan
601 2772 679 2841 loque
693 2773 945 2842 errirujnnquntoret
957 2794 1011 2833 uuo
1024 2789 1136 2837 accentu

349 2858 530 2927 proterantur,
556 2870 619 2916 tune
645 2862 774 2928 ucripirur
801 2880 849 2934 pro
870 2868 1135 2927 commitebantur

351 2950 483 3008 Naturalis
498 2953 632 3010 ilistoriue·
653 2955 790 3027 Siquidem
809 2960 908 3016 eoloris
925 2971 1039 3019 mutant.
1056 2969 1137 3021 bour-

348 3059 426 3100 cora.

1194 609 1246 664 que
1260 610 1363 652 somnia
1373 601 1473 658 clades.
1486 608 1620 664 donicum

1231 685 1384 763 securitate]
1397 691 1424 746 ld
1439 704 1480 749 est
1493 700 1615 767 neglectu
1630 702 1671 756 rel
1683 711 1838 778 contemptu
1851 726 1860 768 t
1873 726 1985 772 securos

1193 776 1264 831 enirn
1278 780 1337 835 sine
1350 798 1413 839 cura
1425 786 1532 842 dicitur.
1542 791 1687 849 boumont.

1228 867 1361 944 Proprie]
1374 873 1400 927 ld
1414 888 1456 930 est
1467 881 1622 938 elierreboo
1634 887 1702 942 loeo.
1716 887 1839 947 turona.

1253 959 1341 1011 Prrrler
1353 963 1420 1013 satta
1432 976 1513 1028 capnt.

1192 1040 1343 1111 Aliquando
1357 1048 1614 1118 signillcatdilierre.
1627 1056 1736 1116 Plautus
1749 1060 1776 1115 ιιι
1787 1063 1900 1134 captivis
1918 1066 1983 1122 deo·

1192 1131 1259 1189 bos:

1255 1223 1357 1283 Quando
1368 1230 1468 1290 prolatis
1478 1234 1554 1284 rebus
1564 1250 1606 1287 rus
1618 1239 1731 1295 homiues
1741 1254 1801 1301 eunt

1193 1302 1221 1359 td
1237 1316 1289 1371 cst,
1300 1310 1389 1365 diluatis
1399 1316 1514 1383 negotiis
1522 1320 1563 1373 rei
1575 1322 1666 1377 litibus
1675 1343 1682 1380 z
1691 1328 1910 1396 siqrriiicetctiam
1919 1354 1984 1410 pro·

1191 1398 1235 1450 cul
1251 1399 1473 1470 secretionibus
1489 1409 1517 1463 iu
1532 1412 1618 1478 prium
1632 1415 1776 1478 AEueidos:

1360 1491 1441 1554 Super
1452 1495 1609 1553 Garamantes
1620 1513 1646 1557 et
1655 1507 1726 1561 ludos

1253 1548 1350 1601 Prolort
1361 1557 1498 1617 brrperioru.
1566 1614 1570 1621 ,

1192 1633 1337 1689 Αιιιιιοιι.

1226 1721 1353 1797 lucrasse]
1369 1725 1475 1785 iactare
1487 1730 1531 1789 irie
1550 1740 1647 1808 accipit
1661 1757 1709 1812 pro
1718 1758 1752 1801 eo
1766 1750 1836 1814 quod
1851 1762 1895 1808 est
1907 1770 1984 1812 arro·

1191 1825 1285 1882 gauter
1298 1820 1339 1874 rel
1354 1822 1493 1889 gloriando
1507 1842 1729 1895 corrrmrmorore.
1743 1841 1856 1907 Quintil.
1883 1848 1910 1903 in
1926 1868 1982 1907 ma·

1193 1905 1242 1960 tris
1264 1906 1377 1965 iuriamia
1400 1930 1408 1967 :
1430 1916 1523 1986 itaqua
1552 1937 1615 1991 pars
1639 1928 1784 1989 rolrrntatts
1801 1946 1844 1990 est
1861 1939 1982 2005 jactatio.

1104 2016 1109 2025 ι
1194 1996 1982 2101 eraudoquesiquidemrerbisstrepere,peroretrpboram

1190 2086 1302 2146 dictum.
1320 2091 1392 2164 Virp.
1406 2095 1432 2151 iu
1449 2100 1603 2163 sibrand:

1403 2187 1473 2240 lione
1483 2205 1539 2241 sera
1550 2201 1670 2258 quei-riis

1249 2240 1319 2293 uano
1328 2244 1393 2305 pura
1405 2256 1522 2316 assurgis,
1535 2266 1609 2319 atique
1619 2263 1686 2313 irrita
1694 2265 1774 2328 iniqu
1783 2271 1861 2332 jactas

1191 2320 1301 2395 Proprie
1314 2337 1404 2384 autern
1418 2334 1552 2403 signifieat
1565 2341 1719 2415 frequenter
1729 2350 1829 2420 jacere.
1838 2358 1916 2415 ovid.
1925 2361 1980 2418 inu

1188 2416 1222 2472 de
1235 2423 1315 2474 Arte:

1310 2512 1414 2569 iactatas
1424 2524 1581 2587 excutiatque
1594 2526 1665 2580 laces.

1187 2586 1336 2648 Aunrcota.

1224 2681 1398 2761 Ostermuuto}
1412 2693 1555 2754 Ostentare
1566 2699 1634 2755 sicot
1645 2707 1747 2770 iactare
1757 2709 1866 2777 dicitnr,
1880 2716 1927 2770 sed
1936 2718 1978 2788 ja·

1186 2778 1259 2828 ctare
1273 2780 1355 2847 magis
1366 2784 1453 2837 uerbis
1468 2797 1519 2852 est,
1529 2801 1663 2849 ostentare
1677 2798 1767 2855 rebus.
1784 2802 1934 2865 ueniens.

1224 2863 1371 2945 Fuciuoriu]
1386 2873 1527 2935 Faciuusa
1545 2884 1667 2941 iaciendo
1679 2891 1778 2950 dictum
1793 2909 1844 2965 est,
1855 2912 1882 2956 ct
1894 2905 1918 2957 in
1931 2920 1977 2973 pe·

1183 2954 1270 3022 iorem
1282 2971 1382 3026 partem
1399 2980 1470 3022 nuuc
1484 2970 1976 3061 accipitureriueeutecotrsrretndine,

1187 3050 1256 3115 apud
1271 3060 1375 3107 ueteres
1388 3057 1413 3109 in
1426 3069 1565 3131 utramque
1580 3069 1760 3135 accipiebatur
1772 3088 1874 3145 partem
1889 3093 1915 3137 et
1927 3085 1977 3138 bo·

383 3135 517 3206 Sinuquiue
525 3139 623 3211 petant]
635 3138 686 3195 Per
698 3145 909 3199 antonomasiam
923 3144 1023 3203 dietum
1037 3160 1093 3219 eet,
1109 3151 1135 3207 id
1188 3152 1248 3191 '¹³¹⁰
1264 3149 1291 3194 ⁰¹
1300 3144 1413 3208 arulam.
1427 3147 1534 3207 5²¹¹¹¹¹⁸¹·
1550 3154 1576 3209 5¹¹
1589 3157 1703 3217 Catilina
1720 3165 1790 3232 ²0⁰5
1803 3174 1923 3241 itfaetiari
1936 3174 1976 3229 it·

309 3218 313 3225 ’
347 3234 389 3281 est
402 3230 511 3281 exitium
520 3231 639 3297 eupiunt.
652 3232 797 3289 bourcoua.

383 3314 487 3390 Petnru]
503 3318 569 3374 Peto
579 3321 709 3392 significat
723 3325 983 3398 quaudoqtreposeo:
999 3341 1029 3386 ut
1041 3330 1132 3390 ilorat.

345 3408 372 3462 Ιιι
386 3422 404 3462 ιι
418 3410 516 3478 Epist:

407 3498 474 3555 Quod
485 3500 572 3560 cupide
586 3504 663 3563 petiit,
676 3512 770 3556 mature
783 3509 855 3570 piena
867 3513 975 3576 reiquit.

345 3577 496 3646 Aliquando
511 3583 596 3635 adeo:
612 3587 651 3638 sic
664 3585 783 3644 Valerius
797 3592 823 3646 iu
846 3610 862 3649 ιι
883 3612 890 3648 ι
907 3596 963 3653 ilus
979 3608 1070 3669 petens
1090 3619 1133 3659 re·

344 3667 435 3722 decuti
453 3669 480 3723 iu
501 3671 592 3726 urbem
609 3688 772 3733 narraverat.
793 3683 943 3751 Aliquando
963 3705 1022 3757 orn,
1038 3693 1131 3764 sieque

344 3757 464 3825 jungitur
477 3762 629 3818 accrrsariro¹
640 3781 700 3820 cunr
715 3770 836 3827 ablativo
849 3775 1043 3837 interveniente
1063 3800 1152 3868 pror·-

345 3865 378 3917 po
395 3852 486 3907 itione.
499 3853 676 3922 Quintilianus
691 3859 716 3913 iu
734 3864 829 3920 matris
846 3866 953 3925 lularnia
968 3890 976 3926 a
995 3874 1060 3929 lunt
1075 3893 1090 3931 a
1104 3889 1130 3933 te

342 3941 436 3997 ciuitas
447 3943 601 4000 trucissimis
617 3948 740 4018 precibus
752 3964 822 4021 peto.
840 3956 956 4015 Dicimus
968 3965 1059 4030 etiarn,
1070 3977 1130 4034 peto

343 4031 416 4086 illurn
432 4034 513 4099 lerro,
531 4044 592 4101 peto
610 4038 753 4110 lapidibus,
769 4045 793 4099 id
809 4056 851 4103 est
871 4048 938 4114 iacio
955 4055 981 4107 in
993 4070 1066 4122 eura,
1086 4060 1127 4114 rel

343 4124 394 4177 rim
406 4122 500 4179 iniero.
517 4126 640 4197 Virgilius
651 4133 676 4185 in
695 4135 804 4191 crient:

403 4211 465 4261 blalo
477 4228 517 4263 me
527 4215 644 4267 Galatbua
655 4224 726 4282 petit,

341 4293 420 4349 idest
430 4297 497 4363 jacit
511 4300 536 4351 iu
553 4315 595 4354 me
611 4304 718 4358 irralurn.
730 4311 874 4365 bcnrcoca.

376 4383 516 4459 Patribus]
532 4388 623 4446 Patres
646 4395 811 4452 uocabantur
834 4413 954 4458 senatus.
973 4406 1124 4467 Sallustius.

340 4473 446 4545 llosque
459 4481 499 4534 rel
511 4490 589 4536 atate
600 4483 639 4537 rel
655 4501 727 4540 curm
741 4489 915 4551 similitudine
928 4499 1058 4555 rorabant
1077 4520 1124 4572 pa-

339 4575 402 4623 tres.
417 4570 568 4630 uenienti?

374 4659 501 4733 Preion]
515 4664 625 4732 ttietun,
640 4669 683 4738 qni
694 4684 783 4725 coram
795 4682 845 4738 est.
860 4674 959 4732 dieitur
971 4688 997 4734 et
1014 4679 1125 4751 ligorate

336 4752 457 4822 praesens
468 4756 527 4821 line,
536 4759 606 4826 quud
618 4773 658 4816 est
672 4763 777 4819 ellirar.
795 4766 867 4836 i'irg.
884 4768 910 4822 iu
924 4768 1033 4825 lincoln

396 4844 449 4895 Nec
460 4854 507 4897 tam
520 4860 655 4911 proruentes
666 4854 725 4905 alibi
737 4868 888 4916 cognoscere
907 4862 984 4913 diros.

335 4924 510 4991 Quintilianus
523 4932 548 4984 in
558 4933 663 4988 Veneno
674 4937 768 5002 eilrrso,
781 4940 814 4993 Et
826 4942 898 4997 uiros
909 4957 1120 5013 praesentaneum

334 5028 410 5081 paro,
426 5020 496 5085 quod
511 5021 609 5087 siririto,
621 5025 690 5091 qood
703 5030 791 5081 statim
799 5044 962 5102 corrumpat
975 5040 1118 5095 doarcooa.

371 5104 489 5180 Verona]
506 5110 608 5166 Verona
624 5117 748 5183 oppidum
766 5131 808 5174 est
823 5123 905 5180 ludite
924 5134 1118 5200 transpadanae,

333 5195 402 5264 quud
424 5201 540 5255 rrrertium
564 5202 671 5260 btlresis
688 5209 783 5266 burins
804 5215 920 5281 perlinit,
935 5222 960 5273 in
986 5225 1119 5280 radicibus

331 5286 440 5355 Alpium
459 5290 655 5352 i'inrlelicarnm
671 5305 795 5369 pusirorn.
810 5304 959 5367 donicatas

371 5378 506 5438 llicsrrrum
519 5403 551 5455 qu
562 5388 589 5461 d]
599 5392 755 5465 Prrraliquid
765 5414 772 5449 t
781 5411 806 5451 et
820 5402 959 5470 legendam
969 5416 1019 5474 cst,
1032 5410 1119 5465 trado·

329 5480 375 5530 tto
389 5476 414 5531 iu
427 5482 619 5547 praecedentum
631 5486 774 5545 diciinueur
785 5508 906 5563 acreutu,
918 5503 996 5565 sicut,
1008 5519 1066 5571 que,
1078 5520 1116 5571 oe,

330 5581 370 5633 ue,
383 5576 659 5651 rogamusdeutcona.

348 5656 1116 5744 britii]Eritinmabexeundo,sierrtiniriomabiuoundo

329 5741 478 5806 dictumest
492 5752 611 5822 liparrate,
628 5761 695 5815 sicut
710 5766 857 5835 motta-pio
871 5771 944 5825 clade
965 5777 1006 5828 rel
1022 5780 1114 5844 perui·

1147 3216 1170 3278 C
1186 3230 1285 3284 cirroris
1299 3245 1343 3286 aut
1362 3237 1426 3291 ortis·
1440 3239 1517 3295 boutc
1529 3242 1625 3302 sauram
1640 3257 1744 3318 quaerit.

1219 3318 1352 3399 inpuleri]
1367 3327 1492 3399 turgidam
1507 3341 1614 3408 proprie
1628 3344 1761 3410 siquilirat
1775 3349 1900 3422 jugulum
1915 3373 1976 3425 per-

1184 3410 1318 3470 scindere.
1332 3418 1868 3514 b'starrtrrurjrrqulosdicturparsillaquas
1885 3455 1976 3518 prori-

1184 3516 1225 3553 ura
1239 3504 1308 3559 collo
1319 3508 1353 3561 ab
1369 3514 1485 3584 ossibus,
1509 3535 1566 3588 qum
1583 3535 1675 3592 pectus
1696 3530 1875 3593 determinant
1889 3558 1976 3613 :qno-

1184 3593 1253 3671 uinnr
1275 3612 1306 3652 ea
1324 3614 1385 3655 ossa
1409 3606 1610 3669 siruitituuinem
1622 3619 1689 3689 jugi,
1708 3620 1734 3675 id
1749 3636 1789 3679 est
1812 3633 1976 3690 suunuirnris

1183 3690 1323 3756 ruentium,
1334 3697 1375 3749 rel
1391 3699 1444 3753 ueri
1456 3703 1527 3771 quod
1540 3712 1656 3765 araturis
1666 3713 1914 3792 bobosiruponitur,
1925 3726 1974 3783 ba·

1182 3777 1255 3830 bont.
1266 3782 1411 3845 denrcoca.

1219 3866 1323 3944 liccem]
1340 3877 1437 3947 t'utqus
1458 3890 1692 3952 grammaticorum
1713 3898 1778 3956 dic't
1793 3900 1870 3971 buius
1885 3913 1973 3966 nami·

1181 3961 1298 4017 natirum
1336 3983 1389 4023 nou
1420 3975 1544 4033 inveniri.
1565 3981 1659 4040 euno
1691 4001 1778 4048 tauron
1801 4012 1850 4065 pro
1874 3992 1972 4056 ldiloue

1180 4051 1244 4107 dicit
1262 4071 1269 4107 :
1290 4056 1442 4120 insidiatori
1458 4083 1521 4124 vero
1534 4082 1561 4127 et
1580 4076 1675 4133 latroni
1692 4097 1753 4151 quae
1768 4100 1857 4156 potest
1872 4092 1972 4165 injusta

1178 4157 1238 4199 csse
1250 4148 1369 4205 rreriSic
1380 4162 1407 4207 et
1419 4172 1483 4224 prex
1492 4163 1571 4218 etiarn
1582 4166 1880 4242 Pbooasqrarnuraticus
1889 4188 1970 4243 alisii.

1180 4233 1310 4294 Didernnt
1326 4258 1390 4300 sanc
1404 4263 1454 4304 ner
1469 4262 1496 4307 et
1506 4270 1578 4310 mors
1590 4266 1815 4330 quemadmodum
1832 4291 1929 4333 necare
1942 4292 1971 4336 et

1178 4330 1244 4381 mori
1262 4342 1309 4387 :ot
1323 4349 1374 4389 nex
1399 4341 1433 4391 sit
1444 4358 1515 4399 murs
1530 4348 1556 4402 ιι
1577 4348 1661 4433 illata,
1683 4373 1755 4416 ruors
1770 4365 1970 4441 qualiscunque

1178 4414 1433 4481 bominisiuteritus.
1448 4433 1594 4494 bourcoaa.

1214 4510 1362 4583 Quiuqcutis
1373 4531 1710 4608 possuuurmillibus]batini
1723 4542 1816 4600 itinera
1827 4563 1875 4603 soa
1886 4552 1970 4608 attilii·

1178 4599 1225 4654 bus
1238 4618 1360 4672 passuum
1376 4629 1527 4685 nuumraut,
1538 4623 1607 4680 sicut
1620 4628 1705 4686 Grmei
1716 4637 1820 4705 stadiis,
1834 4640 1902 4697 Galli
1911 4646 1968 4700 leu-

1176 4697 1353 4771 cis.Quiuque
1364 4716 1452 4762 antem
1465 4713 1547 4769 nullia
1556 4733 1682 4784 passuum
1699 4735 1800 4784 tnntrun
1816 4737 1894 4800 spatii
1907 4739 1969 4794 etu-

1174 4787 1248 4842 ciunt
1258 4805 1384 4859 qnantum
1400 4802 1748 4883 apodGerrnanosqnudilii
1758 4823 1965 4897 milaurroeant,

1176 4881 1299 4953 quodque
1307 4887 1615 4970 AEqpptiiparasanqam,
1627 4903 1717 4965 Persae
1726 4913 1967 4979 astronomicu-

1179 4984 1252 5028 socr.

1210 5060 1375 5140 Propertius]
1387 5070 1414 5125 ld
1424 5083 1464 5129 est
1479 5077 1642 5150 diligentius,
1651 5088 1692 5143 rei
1705 5089 1890 5160 inclinatione
1902 5115 1964 5169 pro·

1176 5154 1327 5223 pendendo,
1341 5162 1443 5218 sicotin
1453 5166 1531 5234 libra,
1542 5188 1592 5240 qua
1602 5188 1677 5242 parte
1688 5181 1922 5257 plosappeuilitor,
1931 5210 1963 5247 ea

1176 5242 1234 5310 pilus
1251 5250 1394 5316 propendet
1409 5269 1415 5306 ι
1429 5259 1468 5310 ιιι
1488 5270 1514 5314 et
1529 5278 1579 5317 nos
1594 5272 1770 5341 propendere,
1787 5286 1815 5331 ct
1835 5285 1964 5349 propensi

1173 5334 1286 5391 dicimur
1297 5342 1322 5393 in
1337 5342 1362 5396 id
1377 5347 1452 5414 cujus
1466 5352 1559 5420 niujori
1571 5359 1659 5414 studio
1669 5372 1800 5423 tenemur.
1813 5371 1962 5429 Acnrcoca.

1209 5427 1407 5509 Proscriptioui]
1425 5440 1629 5515 proscriptionis
1645 5470 1741 5512 uurtrcn
1756 5475 1770 5511 a
1783 5461 1861 5517 bellis
1875 5466 1963 5520 cirili·

1171 5516 1220 5570 bras
1236 5523 1320 5587 reuit,
1333 5530 1458 5590 quoniam
1474 5532 1500 5587 in
1516 5538 1637 5597 civilibus
1650 5543 1880 5616 dissensionibus,
1892 5556 1964 5610 sicot

1172 5605 1274 5661 lucrant
1287 5611 1359 5667 ilarii
1369 5627 1396 5670 ct
1410 5618 1622 5692 Syllre‚Caesaris
1633 5642 1660 5688 et
1674 5634 1793 5707 Pompeii
1806 5649 1834 5695 et
1844 5644 1962 5714 reliquo·

1171 5710 1239 5765 rum,
1255 5699 1299 5768 qui
1313 5703 1429 5762 victores
1441 5722 1528 5787 eraut,
1545 5722 1651 5776 noruba
1663 5738 1757 5782 eorum
1782 5732 1826 5799 qui
1839 5732 1962 5790 direme-

1170 5802 1228 5840 rnm
1251 5792 1363 5858 partium
1387 5796 1474 5866 luere.
1497 5806 1521 5859 in
1542 5810 1639 5866 tatrnlis
1654 5814 1790 5888 descripta
1810 5825 1959 5891 ponebam,
