4142 6262
331 304 368 366 29
890 282 1027 349 indubii
1045 283 1203 347 ertscbet
1221 279 1407 340 ttctbcrtsts
1904 283 1961 353 ,ω

330 447 387 505 lum
401 458 451 517 pro
463 436 697 499 commendatione
709 447 818 490 suorum
829 445 844 486 a
857 430 936 487 robis
950 431 1050 500 scripta
1063 440 1121 483 me·
1134 407 1156 466 Α

330 549 432 597 reatur.
448 536 534 605 Quam
549 547 605 588 reru
618 524 830 586 emendatissimi
852 523 991 580 bominum
1007 535 1061 578 non
1072 533 1121 576 ne·

329 630 437 703 gabitis,
449 642 503 682 non
517 619 637 679 contenti
653 617 845 687 benignitatem
859 620 980 669 uestram
1006 614 1077 666 solus
1091 607 1120 666 itt

328 722 407 777 ltalia
420 713 681 790 positnsagnorisse.
698 710 773 765 Nunc
793 706 923 775 obsequia
945 720 1004 761 mea
1022 704 1120 760 litteris

329 815 455 879 reddens,
479 824 587 867 causam
613 801 766 873 scriptionis
778 798 923 855 verborum
950 794 1119 867 compendiis

327 906 455 965 borean.
473 904 527 960 ios
544 900 644 957 dicenti
659 911 743 970 pauca
754 900 880 965 praestate
894 889 1038 962 praecipua.

595 1028 762 1088 merswin
777 1025 849 1082 XIX.

565 1159 694 1202 ENNOMUS
711 1153 882 1199 arotttbtttt.

362 1265 539 1328 Producendo
557 1262 628 1320 circa
642 1266 777 1315 amantem
793 1253 874 1310 ιιιιιι
887 1250 994 1307 silentia
1017 1248 1051 1305 ad
1070 1248 1119 1304 ab·

327 1365 442 1420 scotiam
453 1356 620 1424 corporalem
631 1352 749 1406 anirrtum
759 1342 945 1401 transmisistis
956 1357 964 1395 ι
977 1339 1120 1397 retinendo

328 1456 451 1528 paginas,
466 1453 492 1503 itt
507 1448 669 1503 irrtmeusum
680 1440 778 1505 creuit,
791 1451 853 1507 qttce
873 1436 1006 1491 hactenus
1020 1432 1117 1488 divisio

328 1547 366 1605 nit
384 1545 497 1600 calebat.
519 1541 573 1595 fies
586 1552 621 1592 eo
635 1533 716 1590 rediit
732 1546 779 1602 per
793 1528 984 1585 abstinentiam
1009 1525 1120 1580 tabella·

327 1661 399 1712 rum,
413 1658 439 1700 ut
455 1641 554 1698 veteris
568 1639 618 1693 ceri
634 1631 802 1707 proridentia
821 1628 943 1684 consistat
965 1626 1003 1682 nil
1016 1624 1115 1680 amori.

246 1726 249 1730 Χ
326 1737 470 1795 Raocessit
484 1733 594 1799 caritas,
610 1742 692 1798 quam
718 1724 864 1779 verborum
884 1734 982 1775 auarus
1004 1717 1120 1787 despicit

327 1825 477 1883 ventilare:
490 1823 549 1877 sine
567 1817 673 1874 cultura
699 1823 743 1871 est
768 1811 907 1883 diligentia
920 1810 948 1865 io
965 1824 1043 1865 usum
1065 1822 1120 1864 nott

326 1916 438 1975 reducta
451 1927 501 1984 per
515 1910 644 1983 paginas:
660 1906 721 1974 santi
742 1904 893 1975 frequentia
911 1900 1000 1957 uiuaci
1019 1900 1115 1972 pabulo
1172 1952 1180 1965 ,

267 2001 269 2007 ¹
298 2046 302 2053 ·
326 2011 435 2069 insitam
448 2004 601 2078 pectoribus
612 1998 695 2056 nutrit
708 1997 867 2053 amicitiam.
881 1992 1011 2058 Facibus,
1023 1990 1118 2061 frater,

326 2104 415 2161 fuerat
423 2097 566 2156 desideriis
580 2093 648 2150 meis
674 2100 701 2147 te
721 2090 795 2145 nullo
810 2096 934 2156 tempore
962 2084 1051 2153 cupita
1072 2083 1119 2138 tri·

324 2197 427 2264 baisse,
440 2206 520 2264 quam
543 2202 615 2258 sape
640 2185 743 2240 indulta
762 2179 941 2239 subtrahere:
956 2175 1020 2246 quia
1034 2173 1119 2231 corda

324 2290 459 2350 nesciunt,
471 2296 532 2354 ιιι
545 2279 613 2335 cibis
628 2276 753 2332 dulcibus
769 2281 861 2344 pastor
882 2266 979 2325 artifex
996 2264 1119 2322 irritasti.

325 2379 470 2449 Aliquanto
489 2372 562 2430 enim
587 2381 708 2439 tempore
733 2363 915 2423 continuando
933 2361 1118 2431 scriptionem,

324 2473 512 2529 immemorem
526 2481 569 2523 mo
580 2464 804 2536 sequestrationis
822 2459 963 2521 effeceras,
978 2456 1041 2511 dum
1060 2453 1119 2510 elil·

324 2565 395 2637 giem
420 2560 602 2619 venerabilem
632 2554 739 2627 placido
764 2553 905 2608 inserebas
929 2547 1048 2618 alloquio
1067 2553 1119 2600 :at

323 2668 397 2712 maroc
409 2650 618 2709 commeantium
632 2661 731 2702 vacuas
751 2658 847 2699 manus
861 2641 949 2696 nudus
975 2636 1119 2708 inquisitor

322 2745 449 2814 taspicio.
467 2744 523 2814 Ego
536 2752 623 2795 tamen
638 2739 701 2793 rrolo
715 2750 809 2792 errore
833 2747 895 2789 mco
908 2731 1012 2786 alienas
1023 2729 1118 2798 cuipas

323 2850 457 2902 asserere,
474 2843 502 2891 ut
512 2832 583 2903 quud
594 2834 692 2885 lactum
703 2828 793 2892 doleo,
801 2824 945 2881 admisisse
960 2820 1115 2876 convincar.

251 2980 258 2989 .
321 2927 506 2995 aoetpeergo,
517 2920 734 2979 emendatissime
749 2917 903 2980 bominum,
918 2911 1116 2969 desideriorum

321 3015 429 3079 solatia,
444 3028 492 3084 per
504 3014 643 3068 coelestem
664 3008 777 3077 gratiam
801 3004 957 3062 absentibus
975 3000 1114 3067 attributa,

321 3115 351 3163 et
374 3105 531 3176 perlatores,
557 3099 579 3155 si
595 3099 647 3155 mei
661 3097 725 3154 estis
745 3111 890 3164 memores,
904 3093 1063 3156 subierate;
1088 3098 1117 3145 ut

320 3200 443 3263 nesciant
455 3193 680 3267 peregrinationis
693 3191 874 3255 incommoda,
888 3188 951 3243 dum
967 3186 1115 3243 nominatis

320 3290 434 3365 patriam
447 3285 644 3344 commendatio
663 3286 749 3340 amica
771 3283 928 3339 contulerit.
942 3282 1044 3350 Quibus
1067 3294 1114 3335 re·

318 3381 484 3450 meantibus,
499 3380 592 3436 nuntio
605 3393 648 3433 me
659 3388 756 3433 uestrae
768 3376 929 3432 ualetudinis
940 3375 1090 3431 sublevate.

598 3489 767 3548 ertsttita
784 3488 845 3545 itit.

551 3624 680 3666 ennomus
698 3622 809 3665 suanno
823 3621 849 3662 r.
870 3620 889 3661 r.

355 3734 510 3792 Exercetot·
519 3729 665 3800 diligentiae
677 3728 778 3782 bonum
792 3724 940 3794 scriptione
957 3720 1114 3792 muttipbcr:

320 3824 419 3895 liogoae
440 3824 511 3880 euim
534 3819 632 3877 indicio
647 3819 799 3875 animorum
824 3822 926 3871 secreta
948 3814 1113 3885 panduntur.

320 3914 446 3976 desiduis
457 3926 549 3968 ennam
564 3910 695 3979 impendit
710 3909 835 3978 eloquiis,
848 3906 894 3977 qui
915 3905 999 3961 otium
1021 3917 1114 3958 amore

321 3991 478 4063 comnruiat.
494 4003 558 4059 llaec
572 4011 635 4056 snm
648 4002 749 4068 ufbcia,
766 4016 812 4070 per
826 4014 885 4069 qur.
901 3999 996 4051 tacito-
1009 3997 1116 4051 innote-

320 4097 373 4155 scit
387 4095 507 4151 afiectus'.
524 4093 677 4149 famniliaris
686 4092 813 4163 perlator,
830 4090 880 4146 nisi
891 4088 1042 4144 reddendas
1056 4086 1115 4140 cui·

320 4189 388 4247 mini
401 4199 492 4244 restro
505 4188 614 4258 paginas
629 4186 789 4255 accepisset,
808 4199 851 4240 me
861 4182 972 4239 oblitum
987 4195 1115 4237 reteren-

319 4281 367 4338 tia
381 4289 477 4337 restrae
492 4288 646 4335 testaretur.
663 4276 759 4334 Nescio
772 4279 843 4333 enim
856 4276 978 4331 coriatis
991 4289 1052 4331 esse
1066 4287 1115 4328 ne·

320 4372 434 4446 gligens,
450 4387 500 4428 nec
516 4380 619 4442 parram
641 4369 734 4424 labore
750 4369 864 4439 gratiaur
886 4368 969 4437 quieti
989 4365 1113 4420 serviens

1172 413 1207 454 ne
1220 397 1376 467 petitionem
1386 401 1500 464 negatus
1511 391 1653 450 frustretur
1665 390 1788 460 effectus,
1799 392 1839 449 sic
1851 406 1962 453 moces·

1171 504 1232 545 snm
1245 486 1349 543 meritis
1363 485 1459 541 restris
1471 484 1559 541 facum
1569 497 1617 555 per
1630 482 1709 555 longa
1720 491 1869 556 temporum
1880 485 1963 544 inter·

1172 579 1240 635 ralla
1252 576 1375 637 teneatis.

1435 665 1603 726 tirtsrott
1622 664 1706 727 xxti.

1373 775 1501 818 ennomus
1520 773 1660 815 stantano
1678 773 1761 813 alre.

1206 853 1336 919 Quamvis
1353 849 1462 908 sublimi
1481 849 1540 906 viro
1558 848 1703 905 Laurentio
1721 849 1829 904 assistat
1851 862 1901 919 pro
1925 850 1964 921 pi-

1170 959 1283 1016 gnorum
1295 943 1528 1000 commendatione
1543 941 1663 1011 probitas
1676 956 1741 1010 sua,
1754 949 1782 998 et
1799 944 1882 1011 patris
1901 958 1964 1013 pra·

1170 1035 1260 1092 dentis
1274 1050 1369 1093 causas
1388 1035 1489 1092 sobolis
1499 1040 1661 1105 exsequatur
1674 1051 1682 1087 ε
1697 1042 1814 1089 attamen
1835 1035 1963 1091 sollicitu-

1176 1128 1240 1185 dine
1251 1129 1360 1199 genitali
1370 1128 1403 1184 ad
1419 1128 1549 1199 ampliora
1565 1126 1694 1198 procedit,
1707 1135 1735 1183 et
1752 1127 1797 1183 rix
1817 1127 1906 1184 credit
1919 1142 1965 1198 pro

1175 1220 1239 1277 filiis
1251 1220 1376 1277 suficere
1390 1221 1460 1291 quoti
1475 1226 1604 1275 meretur.
1618 1218 1782 1289 Adiutrieem
1796 1218 1823 1273 in
1839 1220 1965 1289 astipula-

1172 1312 1244 1368 tione
1254 1314 1383 1384 germinis
1398 1310 1521 1382 paginam
1535 1311 1632 1382 querit
1651 1327 1658 1365 ι
1682 1321 1710 1367 ιι
1734 1311 1885 1379 trepidante
1904 1311 1965 1367 dili·

1172 1394 1261 1475 genita
1275 1415 1379 1473 patrum
1394 1405 1519 1460 ardorem
1534 1405 1628 1460 nititur
1641 1418 1701 1461 cum
1716 1404 1895 1461 unircrsitate
1907 1419 1965 1475 par·

1171 1494 1359 1564 tiri-cogitate
1369 1495 1391 1553 sl
1407 1498 1465 1552 viro
1478 1500 1579 1566 optimu
1592 1495 1683 1565 negari
1702 1494 1815 1552 effectos
1829 1496 1930 1564 potuit,
1939 1504 1965 1553 et

1171 1584 1214 1654 pia
1229 1594 1257 1641 ct
1268 1586 1339 1655 justa
1355 1588 1487 1657 poscenti.
1499 1587 1609 1643 Tribuni
1622 1587 1747 1644 divinitas
1760 1590 1888 1651 edectuor
1903 1606 1963 1660 pre·

1170 1675 1248 1730 cibus
1258 1675 1327 1746 ejus,
1340 1686 1368 1733 et
1380 1680 1451 1734 bunc
1462 1678 1738 1736 beatitudinisrestrae
1750 1681 1897 1737 nominatis
1905 1698 1964 1738 coo·

1135 1768 1266 1845 geiliare
1283 1768 1410 1839 dignetur
1422 1770 1559 1837 affectum,
1575 1781 1603 1827 ut
1625 1772 1710 1843 erigat
1724 1774 1848 1842 parrulos
1870 1773 1965 1844 impio·

1172 1872 1229 1916 rata
1242 1875 1353 1917 corona
1368 1871 1465 1919 restrae
1484 1866 1622 1920 miseratio
1638 1882 1645 1919 ε
1663 1876 1795 1936 quatenus
1809 1866 1881 1923 anxii
1896 1868 1967 1927 ciret

1172 1967 1244 2022 rpsos
1259 1953 1389 2024 genitoris
1408 1967 1469 2010 rota
1484 1966 1656 2026 superentur.
1673 1957 1787 2014 bomine
1804 1961 1840 2014 mi
1856 1999 1865 2024 ,
1884 1973 1965 2029 spero

1171 2053 1200 2098 ut
1214 2044 1345 2113 promissa
1358 2045 1458 2102 dudum
1473 2048 1625 2118 benignitas
1647 2049 1675 2103 in
1694 2063 1727 2105 ca
1750 2058 1826 2121 parte
1844 2050 1966 2106 testimo·

1171 2135 1245 2191 nium
1256 2135 1334 2205 ferat,
1349 2137 1372 2195 si
1383 2140 1587 2209 comprehensis
1604 2140 1728 2210 superius
1743 2143 1906 2213 geminatam
1919 2142 1965 2200 im·

1171 2227 1252 2299 pendi
1265 2230 1389 2300 gratiam,
1401 2232 1447 2302 qui
1462 2245 1511 2300 per
1526 2245 1569 2286 me
1589 2241 1724 2301 precatur,
1737 2230 1878 2305 intelligat

1256 2328 1258 2332 ‘
1426 2319 1592 2377 ertsrobn
1614 2318 1707 2379 xltltt.

1402 2427 1530 2469 sonorius
1558 2428 1733 2471 noarnaroat.

1206 2507 1368 2576 Oportuerat
1387 2507 1494 2578 quidem
1508 2507 1643 2563 desideria
1665 2518 1771 2576 restra,
1791 2524 1854 2581 quas
1875 2510 1965 2567 fratris

1170 2595 1277 2667 Agnclli
1290 2597 1559 2670 patefecitaliegatio,
1575 2606 1605 2655 ut
1618 2598 1715 2655 tabella
1730 2614 1876 2668 reseraret,
1891 2610 1921 2658 et
1931 2601 1964 2659 td

1171 2687 1302 2745 elicienda
1325 2688 1458 2759 colloquia
1482 2689 1596 2745 formam
1612 2706 1701 2747 sermo
1724 2694 1964 2761 praeviusesntbe·

1172 2787 1215 2834 ret
1231 2795 1238 2832 ι
1253 2781 1314 2850 quia
1327 2780 1410 2849 potuit
1428 2779 1475 2835 tibi
1491 2780 1595 2837 restitui
1615 2780 1684 2852 quod
1704 2782 1814 2839 delebis
1827 2802 1834 2836 :
1847 2799 1898 2841 neo
1911 2785 1964 2842 ullo

1170 2885 1215 2925 me
1230 2870 1322 2927 colore
1336 2870 1520 2937 defenderem,
1535 2882 1560 2927 te
1578 2871 1742 2944 loqueotc,a
1762 2876 1865 2946 paginis
1877 2877 1964 2932 absti-

1173 2963 1273 3019 nendo.
1290 2963 1317 3019 ln
1332 2971 1379 3019 tuo
1391 2965 1452 3033 iure
1463 2964 1521 3031 luit,
1537 2965 1634 3036 liuguae
1650 2976 1748 3022 nostrae
1764 2967 1847 3023 ferias
1860 2970 1965 3025 carrei-

1173 3058 1212 3113 tio
1226 3067 1402 3124 commutare,
1423 3066 1450 3113 et
1471 3057 1617 3129 rubiginem
1635 3060 1788 3116 rusticantis
1807 3062 1907 3130 eloquii
1927 3062 1965 3117 fa·

1130 3161 1155 3227 c
1170 3147 1281 3206 brilibus
1292 3151 1387 3206 studiis
1397 3165 1523 3206 amouere
1535 3169 1542 3204 ι
1555 3150 1616 3222 quia
1627 3152 1696 3208 sicut
1705 3152 1831 3209 damnum
1843 3155 1964 3212 caritatis

1167 3255 1209 3297 est
1218 3243 1332 3312 primum
1343 3243 1460 3313 cupienti
1471 3257 1523 3298 non
1535 3242 1659 3301 dedicare
1673 3260 1827 3303 sermonem
1838 3264 1845 3300 ε
1855 3249 1889 3302 ita
1902 3263 1965 3318 pro·

1167 3333 1293 3403 mulgatae
1306 3333 1446 3403 scriptioni
1467 3335 1605 3390 silentium
1622 3335 1745 3403 reddere,
1768 3352 1819 3393 nec
1835 3339 1964 3396 amicitia

1168 3423 1265 3479 suadet
1276 3426 1406 3480 memoria
1417 3440 1467 3482 nec
1482 3427 1600 3496 pudoris.
1614 3429 1689 3486 Nunc
1700 3441 1787 3487 tamen
1800 3435 1917 3490 accessit
1930 3435 1964 3491 ad

1167 3515 1275 3585 genium
1286 3531 1385 3584 meum,
1401 3517 1473 3588 quod
1487 3521 1597 3590 paginas
1612 3521 1765 3592 imperasti;
1780 3531 1807 3580 et
1818 3525 1841 3579 si
1852 3526 1964 3583 subtra-

1167 3604 1241 3663 bitur
1255 3608 1420 3677 testimonio,
1434 3610 1505 3681 quod
1521 3627 1656 3683 nonquam
1670 3615 1696 3669 in
1717 3629 1808 3672 amore
1828 3617 1900 3672 uires
1921 3618 1964 3673 in-

1167 3704 1287 3770 terrogo.
1304 3698 1431 3759 Facessat
1448 3702 1482 3757 ab
1501 3702 1616 3774 ingeniis
1634 3706 1804 3778 liberalibus,
1823 3709 1964 3767 accredas

1167 3786 1268 3845 fascem
1277 3804 1339 3846 esse
1350 3791 1554 3856 intolerabilem.
1567 3811 1647 3866 quern
1663 3799 1765 3855 amicus
1784 3800 1907 3870 imponit.
1921 3802 1963 3858 'fu

1168 3886 1270 3935 tantum
1287 3893 1381 3938 exacta
1398 3884 1597 3955 complectere,
1618 3896 1646 3943 et
1662 3904 1802 3946 censuram
1827 3893 1963 3963 castigans

1168 3973 1279 4028 rancida
1290 3973 1466 4043 judicantium
1483 3976 1587 4048 depone
1605 3978 1721 4036 fastidia.
1738 3982 1815 4039 Absit
1829 4001 1844 4040 a
1860 3996 1888 4042 te
1900 4001 1963 4043 eum

1170 4080 1223 4120 nou
1236 4064 1328 4122 fovere
1340 4068 1386 4138 qni
1401 4070 1497 4138 paruit.
1515 4070 1543 4125 ln
1562 4087 1636 4142 spem
1654 4076 1756 4132 altioris
1771 4080 1859 4134 meriti
1877 4080 1963 4136 traltl·

1170 4164 1225 4223 tur,
1240 4158 1345 4213 etiarnsi
1362 4161 1450 4214 veniat
1464 4176 1479 4215 a
1495 4174 1600 4220 moneta
1616 4167 1730 4234 triviali,
1745 4171 1790 4239 qui
1815 4172 1862 4227 tibi
1877 4172 1964 4244 impo-

1167 4252 1247 4307 situm
1261 4252 1316 4308 oris
1328 4255 1488 4324 manciparit
1503 4256 1669 4328 obsequium.
1683 4261 1754 4331 Ergo
1773 4263 1847 4329 nale,
1861 4267 1898 4319 mi
1914 4267 1964 4322 dc·

1168 4343 1250 4410 mine,
1261 4345 1323 4414 quia
1338 4346 1400 4400 nolo
1417 4348 1474 4403 fieri
1495 4349 1608 4420 prolixa,
1622 4367 1681 4422 quas
1696 4368 1749 4408 oca
1769 4356 1880 4411 suntad
1900 4372 1964 4426 per-

321 4464 448 4535 cll'ngare.
460 4463 542 4517 ifulta
555 4461 641 4516 tlcbeo
656 4463 736 4514 rerba
757 4460 852 4515 fruderi
863 4476 871 4513 ι
883 4457 931 4513 sed
946 4455 980 4510 ad
994 4456 1116 4510 brcrita-
1168 4436 1338 4540 Pendlfflfflffl
1358 4436 1485 4494 filbl'lfflb'*
1507 4440 1649 4511 ⁰⁰¹¹⁰lf¹¹52b
1671 4443 1710 4501 Τι’
1733 4450 1963 4519 fflfSSCffl'ssfflfiffl

321 4561 376 4610 mm
389 4555 461 4626 cogit
474 4552 598 4623 epistola
615 4549 691 4611 vale,
707 4551 743 4603 mi
759 4549 877 4613 domine.
889 4548 1019 4601 mmm„
1040 4548 1112 4600 sam,
1127 4543 1155 4605 Ι)
1166 4538 1243 4598 prata
1256 4528 1380 4585 fiduciam
1394 4547 1491 4600 meam,
1509 4543 1633 4606 tanquam
1646 4538 1712 4593 uber
1724 4540 1810 4595 solum
1824 4546 1939 4601 restitue
1954 4561 1962 4599 :

320 4644 526 4714 mmmm,
540 4656 567 4699 ct
582 4642 653 4697 circa
676 4654 720 4695 me
748 4639 957 4695 mmmmm,
978 4635 1110 4706 dignatio,
1166 4622 1229 4691 quia
1244 4622 1270 4676 in
1285 4630 1330 4676 tuo
1344 4624 1457 4693 postbac
1470 4628 1523 4682 erit
1536 4631 1663 4699 arbitrio,
1680 4631 1702 4687 si
1718 4633 1815 4689 crebro
1832 4635 1964 4703 epistolas

320 4746 395 4788 nem.
411 4736 457 4791 Sic
471 4735 541 4791 bono
555 4736 582 4791 io
595 4734 714 4791 medinm
729 4733 828 4789 ascitus
843 4732 1008 4804 reipublice,
1023 4732 1057 4789 de
1069 4730 1110 4788 fe·
1166 4726 1242 4769 Μ
1256 4714 1379 4785 ³⁰⁰¹P⁰f⁰
1391 4716 1520 4786 *⁰¹⁰“fb
1535 4719 1576 4776 ¹¹¹⁵
1591 4736 1634 4777 ¹⁰0
1644 4720 1743 4778 ''¹⁰⁰³ss
1755 4724 1878 4782 finium·

321 4822 431 4881 licitatls
446 4837 498 4883 tuae
508 4829 684 4884 diuturnitate
699 4828 852 4902 gratuleris.
1422 4806 1587 4865 ΕΡΜΟῙἈ
1608 4809 1701 4867 mv·

594 4945 760 5004 selsrota
775 4946 846 5004 ltili.

478 5055 615 5101 ausonios
634 5056 798 5097 connrrnrro
817 5053 950 5097 serscoro.

1436 4914 1562 4956 ennomus
1580 4918 1693 4959 rausro.

1204 4988 1288 5061 AEger
1298 4991 1404 5047 animus
1413 4991 1483 5048 sicut
1495 4992 1600 5049 silentia
1613 5009 1665 5051 non
1676 4996 1784 5066 patitur,
1802 4998 1837 5054 ita
1850 5013 1963 5070 proces-

1166 5095 1227 5138 sum
1242 5081 1402 5138 narrationis
1416 5082 1544 5152 abiurat:
1563 5089 1750 5145 contestationi
1767 5092 1893 5148 maeroris
1908 5110 1962 5152 nec

1166 5173 1346 5243 taciturnitas,
1362 5188 1411 5230 neo
1424 5174 1556 5242 colloquia
1568 5178 1669 5246 prolixa
1682 5181 1861 5237 conueniunt:
1870 5195 1962 5241 arcta-

320 5248 419 5305 mibia
440 5245 516 5300 rnbis
535 5255 632 5302 cantas
654 5248 825 5318 redderetur;
841 5261 867 5305 et
891 5249 925 5304 ad
939 5248 1109 5307 occasionem
1166 5266 1330 5336 emmim,
1351 5268 1393 5324 cuj
1408 5268 1452 5325 vg,
1471 5269 1542 5327 1„ng
1554 5272 1670 5341 “empus
1688 5275 1769 5329 ,erga
1793 5275 1960 5334 tribunum,-

322 5340 458 5411 profectus
476 5340 516 5394 sui
536 5340 750 5407 cunjunctionem
764 5350 883 5399 nostram
897 5353 1009 5399 conatus
1023 5342 1109 5399 addu-
1164 5358 1219 5417 sed
1232 5359 1294 5429 quil
1304 5374 1397 5417 assero
1407 5361 1505 5434 linguan
1516 5364 1596 5419 ferias
1607 5366 1667 5436 plus
1680 5366 1826 5437 loquendo,
1843 5379 1871 5425 et
1894 5385 1961 5424 cos.

323 5446 503 5494 cesenatem
519 5431 589 5488 inter
604 5444 653 5486 nos
666 5431 799 5498 auricilla,
813 5435 876 5492 duro
890 5448 1002 5508 augetur
1015 5437 1109 5492 borto-
1164 5463 1234 5508 pm„
1251 5454 1411 5510 ,κωπῆς
1425 5455 1566 5527 gpqggoqm
1582 5460 1869 5531 gefmqnqsgmqqqqg
1880 5463 1961 5531 mppr.

322 5526 568 5590 ribus,rnltmctiri
583 5536 733 5594 :attelebos
745 5525 778 5580 sti
790 5528 874 5594 iocum
890 5530 993 5586 fructus
1007 5530 1110 5596 tcdfflb
1163 5544 1244 5599 osori
1258 5543 1343 5600 Deum
1363 5561 1466 5617 quoeso,
1483 5558 1512 5603 nt
1529 5549 1658 5607 anxietati
1674 5567 1741 5609 mere
1762 5554 1796 5610 de
1815 5553 1960 5610 manifesto

323 5632 401 5685 qrrem
415 5636 447 5674 ex
463 5621 608 5692 diligentia
622 5634 710 5676 nrcsse
722 5619 903 5680 condidimus.
919 5624 995 5680 iiunc
1010 5624 1033 5679 si
1052 5639 1112 5680 me·
1164 5634 1349 5706 prosperitatis
1369 5645 1465 5693 restrae
1481 5651 1620 5697 succurrat
1643 5644 1753 5699 indicio.
1771 5644 1818 5700 illc
1831 5642 1959 5700 admittat
2008 5642 2020 5711 i

324 5725 396 5775 reor,
410 5712 443 5764 ad
458 5712 572 5769 diaconii
586 5726 754 5771 sacramenta
775 5715 937 5786 perducite:
954 5731 981 5775 ιι
995 5721 1111 5789 dignitas
1163 5726 1298 5798 lacrymas
1312 5742 1403 5794 aneas,
1424 5729 1467 5786 cui
1488 5729 1578 5788 clausa
1601 5749 1648 5790 ora
1671 5735 1822 5792 fabulantur
1838 5754 1845 5790 ι
1860 5738 1903 5791 ιιι
1921 5737 1957 5792 ad

324 5801 426 5873 filimi
441 5803 472 5859 ad
486 5818 560 5876 spem
576 5807 639 5862 mibi
653 5807 775 5879 proficiat
789 5808 892 5881 millii
903 5813 1041 5880 Wiendi·
1056 5812 1111 5872 Siti
1162 5822 1270 5894 plenam
1284 5822 1444 5896 legationem
1457 5826 1558 5887 suffieit
1567 5844 1600 5888 er
1611 5835 1820 5902 compunctione
1831 5831 1956 5891 defuens

362 5153 475 5225 vigilius
488 5154 668 5212 subdiaconus
680 5168 769 5215 uester
782 5157 900 5228 experiri
918 5155 1001 5213 noluit
1013 5167 1111 5228 quanta

954 6124 1068 6187 A
