4274 6254
167 340 221 415 ihs
461 348 494 404 ΙΝ
516 346 635 404 ttuuos
654 346 698 402 DE
715 335 977 401 CONSOLhTiONE
1000 332 1241 393 utttuostiutttAE
1259 331 1524 389 PROLEGOMENA.
1735 330 1790 391 566

161 471 272 528 colsmm
284 464 406 538 complet,
418 464 548 520 utmusico
556 465 656 535 possint
667 474 723 518 orte
734 471 848 517 contuse.
868 459 948 515 viuc-
962 459 988 518 Α
1005 452 1117 509 tshunti
1130 452 1269 522 siquando
1281 452 1378 523 seeum
1390 467 1407 504 o
1420 460 1523 522 stupore
1541 453 1665 519 conuersi,
1679 469 1730 509 nou
1744 471 1791 510 uu.

161 577 219 616 mus
229 576 275 632 per
285 574 342 615 eom
355 556 515 629 defensiones
521 559 580 628 p‘arrr
592 555 736 610 nutantium
747 554 892 618 ciuitatum,
906 568 951 607 su·
1001 544 1096 601 delum
1104 560 1132 599 se
1144 543 1255 613 eructes
1276 542 1351 596 uohis
1364 541 1460 608 dicere,
1483 542 1553 611 opud
1570 559 1634 613 quos
1657 544 1740 599 sciunt
1753 561 1793 598 sa·

161 653 214 708 trito
238 648 286 705 toli
308 647 429 718 proritare
453 660 617 717 conrurpere,
640 654 669 700 ut
690 644 951 723 machinamentorum
1002 637 1098 707 pientes
1108 635 1171 690 talio
1184 635 1318 706 copitusse.

160 740 266 796 aeuitur
277 737 395 806 superior
403 734 536 799 reddatur,
552 736 597 805 qui
610 732 761 804 desperatus
773 732 868 788 ririhus
882 732 952 785 iune-
1038 728 1131 782 Altero
1145 723 1257 795 epistota
1279 723 1400 795 ejusdem
1415 722 1570 779 cassiodori
1584 735 1626 780 cst
1646 725 1792 798 quadrupe·

161 830 243 885 nitur.
262 827 396 883 hiudeutes
419 825 523 897 [chricar
549 825 577 879 iu
597 841 665 895 apuu
686 824 787 878 marino
804 822 951 878 siccantur:
1002 819 1069 875 sima
1080 818 1141 873 libri
1157 814 1280 882 secundi,
1294 830 1355 884 qum
1369 814 1409 870 sio
1420 829 1451 870 se
1465 814 1565 871 iubet:

162 922 230 975 dura
241 934 300 973 eum
314 918 407 988 {serim
419 917 551 988 inperium
565 913 732 986 dispositione
741 914 872 969 salvuntur
881 929 891 979 ,·
900 928 953 968 me·
1037 908 1127 971 Restio
1140 908 1249 980 patricio
1261 905 1433 962 Theodericum
1445 923 1500 962 res.

163 1010 228 1065 suits
236 1009 353 1078 cuspium
364 1023 374 1061 r
384 1005 518 1062 Diomedis
528 1006 556 1060 in
567 996 858 1077 uereprueshucctnant:
868 1019 954 1060 urceus
1040 1002 1105 1057 Cum
1126 1015 1172 1055 reu
1187 998 1357 1065 Francorum,
1371 999 1477 1054 conuiuii
1491 1000 1570 1054 nostri
1582 1003 1651 1071 [uma
1662 1001 1793 1066 pellectus,

162 1101 258 1175 empuis
270 1098 472 1154 insihilctsaoes
480 1094 601 1151 simulate
616 1094 742 1165 fritiniunt
755 1112 765 1163 ς
780 1103 805 1149 et
824 1110 882 1166 pum
893 1110 954 1167 pro·
1003 1091 1111 1147 onoms
1127 1090 1296 1145 citharaedum
1316 1090 1415 1161 mapnis
1431 1089 1547 1157 precihus
1565 1092 1715 1162 expetiisti,
1739 1093 1795 1147 sala

164 1191 250 1261 prium
268 1205 353 1245 rocem
365 1189 490 1254 nesciunt,
510 1187 542 1241 ah
554 1201 605 1241 cere
629 1186 792 1241 dulcedinem
814 1184 955 1258 prodantur
1004 1183 1103 1236 ratione
1121 1180 1301 1250 complendum
1320 1194 1375 1233 esse
1393 1179 1568 1250 promisimus,
1587 1180 1657 1248 quod
1671 1189 1695 1234 te
1709 1183 1796 1235 erudi-

163 1283 279 1337 cmitters
292 1278 436 1334 canlilrnm.
447 1274 532 1331 Parsa
546 1277 579 1332 de
592 1277 639 1331 illo
652 1277 799 1347 referimus,
813 1276 854 1329 cui
866 1274 956 1329 ceolum
1005 1273 1081 1329 tiouis
1097 1273 1202 1328 musicas
1223 1273 1332 1339 peritum
1347 1286 1400 1327 esse
1417 1285 1579 1325 normarum.
1602 1271 1711 1343 Adiacet
1730 1275 1796 1326 enim

164 1372 262 1427 irritari
270 1374 313 1442 [as
327 1379 363 1426 est
375 1369 453 1426 :hac
464 1368 531 1424 mrim
545 1369 604 1440 fecit
617 1368 759 1423 secuudum
770 1366 850 1421 solem
867 1367 895 1420 in
906 1367 956 1421 Ar·
1005 1363 1074 1419 sutis
1083 1366 1186 1418 doctum
1199 1363 1302 1433 dipem,
1315 1362 1359 1431 qui
1377 1361 1541 1430 disciplinam
1555 1362 1639 1431 ipsum
1664 1362 1693 1416 iu
1715 1365 1796 1417 arduo

164 1461 290 1518 chimedis
310 1462 413 1532 sphoero
437 1458 570 1514 decurrere
595 1475 605 1513 .·
627 1456 681 1513 hoec
694 1455 805 1512 alimum
824 1457 957 1515 mdiorum
1006 1456 1169 1523 collocatam,
1184 1455 1304 1527 potuistis
1314 1455 1448 1524 ottinpere.
1459 1452 1527 1519 Quid
1533 1454 1601 1508 enim
1614 1456 1662 1509 itio
1673 1465 1795 1525 prasion·

165 1553 293 1610 circulm
302 1554 413 1607 husim
427 1550 535 1606 consilio
548 1550 692 1622 lubricosis.
707 1547 772 1603 Haec
785 1548 875 1604 lunam
885 1548 956 1618 deic-
1006 1549 1066 1612 tiss,
1081 1563 1140 1619 quoe
1153 1548 1210 1603 culi
1227 1544 1375 1601 muchirmru
1387 1560 1482 1601 sonoro
1491 1547 1626 1602 dulcedine
1638 1546 1798 1613 modulatus,

166 1656 211 1701 ctu
223 1659 272 1700 suo
293 1642 463 1713 reparabilem
486 1642 550 1696 artis
575 1640 764 1695 illuminatione
789 1638 957 1694 monstrauit:
1006 1647 1030 1693 et
1044 1646 1142 1694 nctsroe
1155 1634 1611 1707 concucientiomuhiuuedispersam
1625 1637 1725 1693 uirtutis
1743 1654 1797 1693 sua

168 1751 325 1807 pereamque
336 1733 490 1798 machinam,
502 1721 636 1805 prouidens
645 1730 754 1798 mundo,
767 1728 859 1785 cotum
871 1738 958 1801 pesta-
1008 1728 1300 1804 protiacomprehendit.
1313 1728 1347 1782 iit
1356 1726 1520 1797 paulopost:
1534 1726 1587 1783 Sed
1594 1731 1715 1799 quoniam
1726 1732 1797 1785 nodis

167 1831 227 1899 hile,
240 1828 419 1898 compendium
428 1841 522 1890 rerum,
539 1824 671 1895 speculum
681 1832 791 1885 mature,
805 1822 839 1876 ad
850 1822 960 1891 speciem
972 1817 998 1880 B
1010 1824 1078 1891 iactu
1091 1828 1128 1875 est
1138 1819 1290 1889 voluptuoso
1300 1815 1423 1889 diprcssia
1435 1817 1507 1886 (puio
1527 1834 1627 1889 semper
1645 1829 1746 1892 pratum
1761 1829 1797 1875 est

167 1921 268 1976 mter-ts
275 1915 522 1987 incomprehensibili
532 1915 671 1970 mobilitate
678 1914 807 1968 uolutauit.
823 1911 956 1981 siccome,
1009 1911 1042 1966 de
1054 1910 1173 1965 doctriua
1195 1909 1306 1978 colloqui
1315 1927 1374 1965 cum
1387 1912 1484 1981 peritis)
1506 1912 1684 1979 citharoedum,
1699 1930 1797 1986 poema

167 2010 348 2080 quorumlicet
361 2023 464 2061 cursum
473 2005 597 2071 sciamus,
609 2003 850 2076 iodemtihustameu
864 2003 957 2072 oculis,
1009 2002 1081 2058 nohis
1092 2003 1205 2058 dicimus
1227 2004 1384 2074 postulatum
1399 2007 1524 2078 sapientia
1542 2017 1624 2062 uestro
1643 2009 1721 2079 elipat
1734 2025 1798 2077 pra.

168 2099 273 2167 prodire
286 2113 338 2151 nou
353 2111 496 2151 conamus.
512 2094 593 2150 Stans
603 2094 709 2165 quidam
726 2093 821 2150 inillis
838 2094 960 2148 transitus
1010 2096 1075 2149 senti
1083 2102 1197 2164 tempore
1205 2095 1344 2158 nuliorem,
1358 2097 1473 2167 iuturus
1492 2099 1591 2168 aliquid
1614 2098 1720 2165 Orphei,
1741 2117 1798 2158 cum

169 2197 329 2257 miserque
344 2185 463 2241 uelociter
474 2201 575 2240 currere
587 2200 645 2239 uera
658 2184 756 2240 rsticue
771 2184 910 2256 capnoscis,
933 2199 960 2238 se
1011 2182 1079 2237 dulci
1100 2199 1163 2238 souo
1174 2182 1305 2255 peutilium
1319 2184 1376 2252 {ero
1396 2184 1474 2239 corda
1488 2185 1623 2241 domuerit.
1638 2185 1673 2239 Et
1696 2200 1798 2258 quauta

169 2297 266 2335 mouere
278 2296 330 2333 uon
345 2279 463 2350 respicis.
489 2277 573 2342 Quale
586 2286 635 2342 est,
647 2277 697 2331 hoc
713 2277 811 2331 homini
828 2278 906 2332 etium
918 2275 960 2346 sa·
1011 2275 1082 2328 molis
1095 2275 1186 2345 pretim
1199 2273 1296 2340 suerint
1307 2283 1380 2341 actu,
1396 2282 1474 2328 tantur
1487 2274 1557 2330 oohts
1572 2293 1603 2331 cc
1616 2289 1798 2349 uostraaupua·

169 2385 235 2432 cere,
249 2368 321 2440 puod
333 2369 372 2421 uei
387 2368 543 2421 intellexisse
552 2376 632 2437 potest
647 2383 702 2421 esse
726 2365 861 2420 mirohilel
876 2366 960 2433 Quare
1011 2364 1056 2418 uiti
1067 2368 1273 2434 compensatione
1283 2367 1435 2433 referentur,
1448 2366 1491 2436 qui
1500 2378 1523 2420 et
1532 2368 1640 2438 imperio
1650 2378 1736 2424 nostro
1750 2388 1797 2441 po·

170 2476 226 2515 rum
238 2474 282 2514 oos
296 2467 367 2513 ornet
381 2459 472 2511 talium
485 2473 572 2515 rerum
585 2457 751 2529 predicando
770 2457 871 2523 notitia,
885 2457 961 2510 horo·
1011 2455 1084 2523 retis,
1102 2463 1127 2509 et
1137 2454 1206 2523 quod
1215 2470 1259 2508 uos
1268 2453 1411 2523 clarificare
1420 2455 1515 2524 possit,
1527 2456 1639 2527 efficitis.

170 2552 238 2622 iope
252 2548 335 2616 nohis,
347 2549 455 2619 puhlicis
463 2549 589 2619 expensis,
605 2549 750 2603 sinerestro
760 2547 905 2616 dispendio,
916 2548 961 2602 de·
1048 2547 1119 2601 idom
1129 2545 1309 2601 Cassiodorus
1324 2546 1358 2601 sd
1371 2547 1451 2603 tinem
1464 2548 1523 2605 libri
1547 2549 1695 2607 Dialectioae
1705 2550 1740 2608 de
1753 2532 1800 2607 oo·

171 2644 272 2698 stium.
283 2639 402 2694 Primum
415 2640 458 2707 sit,
469 2639 512 2693 uhi
524 2642 605 2710 stplus
624 2641 675 2694 diei
697 2640 775 2693 iudeu
788 2656 834 2709 per
847 2643 961 2693 umhram
1011 2636 1073 2692 dem
1096 2637 1188 2692 musto
1202 2635 1238 2690 itu
1259 2635 1377 2707 loquitur
1400 2655 1406 2691 :
1434 2636 1518 2702 titur,
1542 2639 1638 2710 inquit,
1657 2653 1799 2714 compereris

171 2736 290 2804 reipsum
303 2732 380 2787 horus
394 2733 523 2785 consuerit
534 2731 676 2786 ostendere.
692 2731 792 2787 uanius
810 2732 896 2802 itaque
910 2732 961 2785 im·
1007 2727 1182 2800 judicavimus
1203 2729 1375 2800 recapitulare
1398 2729 1516 2798 hreoiter,
1531 2746 1639 2801 quorum
1662 2735 1749 2791 lohore
1770 2737 1798 2791 in

170 2823 306 2878 mohils'set
319 2836 423 2891 paruus,
438 2836 562 2893 peraperte
578 2821 648 2892 quod
662 2831 715 2876 tem
730 2822 962 2893 mirandamopni·
1011 2820 1255 2891 Lusiumelopuium
1271 2821 1380 2876 resistas
1393 2823 1609 2891 pescenninum
1621 2841 1667 2879 nec
1686 2828 1798 2880 auctori·
1906 2896 1909 2900 A

169 2917 234 2972 tudo
248 2916 312 2972 solis
325 2915 459 2981 discurrit,
484 2925 509 2969 et
530 2915 619 2986 [epam
640 2915 704 2970 solis
716 2914 869 2985 equiparat.
892 2912 962 2984 quod
1013 2910 1059 2964 hus
1071 2910 1328 2981 ploriosuspereot:
1340 2910 1412 2967 nohis
1433 2912 1578 2983 plenissime
1600 2917 1637 2966 rel
1655 2915 1747 2970 ueritus
1760 2918 1799 2972 in·

170 3016 271 3062 scrotum
284 3021 384 3076 semper
394 3006 507 3077 ipnorat.
522 3005 668 3060 dissiderent
678 3004 773 3059 talihus
784 3004 807 3059 si
821 3013 891 3058 astra
904 3021 963 3059 sen·
1012 3010 1133 3054 notescat.
1145 2998 1269 3071 isopopeu
1280 3000 1408 3054 transtulit
1418 3000 1661 3073 patriciusiioetiss‚
1672 3018 1800 3059 comacen-

170 3098 258 3162 tirerrt,
272 3103 297 3150 et
309 3104 420 3149 meatum
433 3111 507 3150 suum
517 3097 626 3164 tortasse
635 3095 806 3165 deflecterent,
820 3111 852 3148 ne
863 3096 909 3148 tuli
922 3095 963 3148 lu·
1014 3100 1088 3160 tuipse
1097 3094 1153 3162 ejus
1163 3091 1263 3162 prmius
1281 3090 1468 3158 dereiiupuens.
1479 3089 1701 3161 eaupcriusiaeu
1712 3102 1799 3148 traus-

171 3189 256 3243 dihria
272 3188 441 3260 suhjacereot.
461 3185 511 3241 tiit
535 3197 573 3242 est
589 3187 656 3242 tttuct
665 3188 788 3241 herorum
812 3186 845 3240 de
868 3187 963 3242 lunone
976 3182 999 3246 C
1014 3181 1071 3235 tulit
1087 3181 1208 3250 purricius
1222 3179 1337 3246 Boetius,
1349 3182 1571 3251 Clli‘wvmmwlss
1581 3183 1801 3255 ltiittlihrt'tr'pu

171 3280 337 3342 seruientium,
351 3275 482 3348 siupuiare
501 3276 665 3340 miraculum,
684 3277 706 3331 si
719 3276 766 3330 has
783 3285 807 3329 et
820 3280 909 3330 unmra
920 3277 965 3332 de·
1015 3293 1113 3346 quopuc
1126 3278 1264 3349 formauit:
1279 3275 1339 3331 Peri
1348 3275 1490 3331 hermenias
1502 3294 1580 3349 supra
1593 3288 1747 3335 memoratus
1759 3296 1802 3350 pa-

171 3368 321 3422 rrroustrct!
335 3364 385 3421 llos·
397 3364 568 3433 predicabilis
582 3364 711 3434 indeiecta
724 3366 827 3433 rasorio,
842 3366 865 3419 si
879 3368 926 3418 hoc
940 3375 965 3422 et
1016 3368 1106 3422 tricius
1120 3366 1224 3422 Boetius
1236 3366 1367 3421 transtulit
1385 3368 1413 3421 iu
1432 3366 1563 3436 Latinum,
1578 3372 1653 3443 cujus
1662 3380 1803 3428 commenta

171 3458 278 3513 metallo
295 3465 435 3530 perapsrst,
455 3472 512 3527 quus
535 3457 586 3512 sisu
601 3467 724 3527 perpetuo
747 3458 965 3513 continentium
1015 3457 1070 3525 ipss
1081 3456 1371 3526 dupliciuminutissinm
1381 3457 1554 3528 disputatione
1561 3460 1804 3531 tractauit...8upro

172 3553 236 3605 srris
250 3547 434 3602 irsoestimdhilis
447 3547 540 3611 uirtus,
551 3563 609 3616 qum
626 3549 688 3601 dum
700 3562 726 3602 se
737 3547 799 3602 dicit
809 3546 907 3613 ludere,
917 3565 966 3602 no·
1016 3560 1169 3604 memoratus
1181 3549 1308 3620 patricius
1317 3547 1423 3604 Boetius
1435 3549 1468 3603 dc
1476 3550 1803 3625 spitupunistppunuicis

174 3649 240 3695 turos
253 3640 375 3708 prauum
388 3646 485 3692 secreto
504 3641 615 3707 sulpure.
628 3636 777 3693 Secundum
787 3640 830 3703 sit,
842 3637 885 3691 uhi
898 3653 967 3706 prcu-
1017 3641 1172 3695 lucidissime
1185 3641 1356 3711 pertrectauit,
1366 3650 1418 3696 ele.

173 3739 213 3784 ter
222 3730 286 3785 solis
304 3728 391 3783 radios
405 3730 468 3781 horo
477 3728 647 3798 dipuoocitur,
661 3737 747 3783 noctes
757 3728 784 3782 r'n
799 3737 883 3799 partes
901 3728 966 3782 diui·
1390 3733 1433 3788 ΙΙΙ.

174 3828 238 3880 dens
248 3841 259 3880 .·
271 3824 343 3894 quod
364 3831 392 3876 ut
407 3820 473 3876 ruiisll
491 3821 591 3878 deheres
613 3823 699 3888 astris,
721 3822 846 3877 sotionem
861 3822 918 3878 eceli
931 3823 966 3876 eui
1052 3823 1209 3892 Procopius,
1220 3822 1392 3879 Caessriensis
1403 3839 1439 3880 eu
1450 3824 1601 3893 Polemios,
1613 3826 1708 3884 rlsstor
1719 3837 1748 3885 ot
1759 3844 1805 3886 so·

174 3930 303 3985 equorum
325 3912 409 3985 potius
430 3914 528 3981 fluenta
550 3913 700 3967 conuertit:
724 3928 833 3982 quorum
858 3913 967 3969 motihus
1017 3917 1102 3985 plistu
1119 3917 1188 3969 imur
1203 3917 1291 3971 surius
1313 3931 1376 3971 suus
1397 3915 1524 3972 historias
1545 3918 1653 3988 scripsit
1675 3919 1709 3976 de
1731 3920 1804 3978 Boio

175 4008 296 4071 ostendis,
311 4006 380 4076 quod
392 4005 455 4060 creto
465 4006 574 4060 uoluitur
589 4020 599 4059 .·
613 4014 638 4060 et
654 4005 747 4059 audaci
770 4009 966 4073 presumptione
1017 4006 1166 4061 Gottrnrom
1181 4004 1265 4061 libros
1280 4015 1344 4072 tres,
1361 4006 1387 4060 in
1401 4021 1514 4075 ursorum
1528 4008 1614 4077 primo
1626 4008 1697 4080 quod
1712 4007 1805 4069 Grmce

174 4107 298 4166 concepto
310 4112 354 4151 urs
366 4096 497 4151 elementis
520 4095 628 4164 coniers,
652 4095 720 4163 quod
736 4095 841 4166 oripiuis
854 4096 965 4149 conditio
1016 4097 1128 4152 ‹lisitde
1143 4097 1247 4161 Boetia,
1262 4096 1302 4151 sic
1321 4096 1414 4152 Latine
1435 4097 1574 4153 redditur:

175 4191 320 4261 demeparit,
333 4188 459 4243 uniuersa
468 4186 611 4255 disciplina·
623 4194 728 4239 cunctus
740 4185 906 4256 prudentium
928 4186 967 4239 la·
1053 4187 1224 4258 Symmachus
1249 4196 1271 4240 et
1286 4187 1342 4257 ep'us
1355 4202 1431 4257 perer
1444 4185 1550 4242 Boetius
1558 4189 1669 4257 patricii,
1681 4187 1735 4243 alto
1750 4206 1805 4244 rua-

177 4283 223 4337 ior
232 4290 333 4335 aalma
344 4278 494 4352 petendam,
510 4285 537 4330 ul
550 4283 649 4331 tautum
661 4277 756 4344 possint
769 4291 853 4343 nosse,
863 4279 967 4346 perqui·
1013 4281 1102 4349 jurum
1122 4277 1256 4347 sunpuiue,
1280 4277 1407 4345 priucipes
1430 4293 1489 4332 uero
1515 4287 1620 4333 semotus
1643 4279 1762 4345 Romani,
1781 4297 1805 4335 es

176 4372 220 4425 rit.
237 4370 416 4425 liechorrr'smo
439 4367 524 4422 solum
545 4375 592 4434 est,
612 4367 682 4432 quod
695 4366 812 4420 illorncu
830 4366 967 4419 contrariis
1017 4365 1133 4419 consules
1150 4365 1230 4433 luere,
1247 4363 1415 4434 philosophice
1434 4377 1459 4421 et
1480 4368 1595 4435 auctiori
1608 4384 1686 4438 supro
1703 4378 1805 4424 cosmos

176 4462 273 4532 appetit
286 4459 382 4513 imitari
393 4470 403 4511 .·
416 4465 440 4511 et
448 4457 470 4512 si
481 4460 522 4525 sos
535 4466 572 4510 est
591 4457 674 4510 dicere
688 4456 715 4508 in
727 4455 878 4525 quidusdam
887 4456 966 4509 etium
1017 4454 1136 4508 mortales
1148 4455 1306 4518 studuerant,
1317 4454 1453 4527 usultisque
1461 4458 1545 4528 epeuis
1556 4465 1609 4509 tum
1621 4456 1804 4524 ilomauorum,

177 4552 267 4605 nititur
279 4548 348 4604 uelle
371 4563 504 4617 superare.
530 4543 589 4599 1100
617 4544 684 4599 euim
696 4544 787 4613 iecisse
807 4545 967 4614 slsprsoscitor
980 4532 1007 4593 Ῐ)
1019 4556 1073 4600 tum
1086 4557 1246 4600 externorum
1261 4546 1411 4614 opihussuis
1423 4547 1566 4603 suhoeuere.
1581 4547 1619 4602 tii
1631 4548 1666 4601 od
1680 4548 1805 4616 inperitum

177 4639 318 4695 Daedalum
336 4638 432 4692 rotare.
449 4629 507 4691 truc
528 4640 639 4704 ferreum
661 4633 813 4702 Cupidinem
833 4635 860 4686 iu
876 4634 966 4689 Diuum
1018 4635 1127 4710 ploriam
1138 4638 1226 4703 euecti,
1245 4640 1391 4694 deterrimas
1402 4640 1549 4710 quasquein
1565 4640 1605 4695 sui
1618 4638 1807 4693 inuidiamcon-

177 4732 272 4800 templo
286 4730 438 4800 ducalique
450 4730 599 4800 ullipotiona
614 4730 734 4799 pendere.
749 4728 804 4783 lhac
817 4730 966 4799 hodieiacit
1019 4728 1243 4798 citurunttrpuihus
1254 4727 1408 4784 delatoribus
1419 4729 1590 4785 Theodericus
1601 4745 1647 4783 ser
1655 4744 1805 4799 persuasus,
1885 4746 1891 4759 ·

177 4834 250 4876 muto
263 4833 377 4885 cantme,
389 4823 520 4875 insensata
529 4821 621 4884 sisere,
634 4819 774 4873 immobilia
786 4818 890 4874 moueri.
908 4818 965 4872 ile·
1018 4822 1084 4874 uiros
1095 4820 1252 4874 clarissimos
1265 4821 1369 4889 perinde
1382 4836 1412 4874 oc
1421 4837 1460 4874 rm
1474 4834 1551 4875 nouus
1561 4819 1692 4875 molientes
1702 4822 1805 4891 occidit,

178 4912 310 4978 chuuicss,
328 4911 351 4965 si
373 4911 414 4981 ias
427 4918 465 4965 est
478 4910 572 4975 dicere,
596 4924 659 4979 pene
681 4910 766 4964 socius
787 4915 824 4962 est
844 4910 965 4963 uictura:
1018 4910 1230 4980 eorumquehoua
1242 4909 1327 4964 anurnio
1344 4910 1491 4974 puilicooit.
1503 4909 1555 4965 Sed
1569 4910 1658 4982 pdueis
1676 4924 1731 4981 post
1755 4913 1807 4970 die·

177 5004 278 5056 occultu
296 5018 426 5067 reseram,
448 5002 584 5072 mamimus
608 5011 766 5067 conuertens,
783 5001 912 5055 miruculis
928 5004 968 5055 lu·
1019 4997 1066 5053 hus
1080 5000 1189 5054 cmuauti
1203 4998 1244 5053 illi
1257 5014 1315 5053 cum
1336 4999 1444 5069 inpensis
1457 4999 1534 5071 piscis
1543 5009 1619 5071 caput
1633 5001 1746 5057 ministri
1755 5019 1808 5075 op-

179 5093 257 5158 dens;
270 5092 309 5146 ito
323 5091 429 5160 pulchre
445 5090 581 5158 simulam,
597 5100 625 5144 ut
646 5092 716 5162 quod
734 5091 901 5161 compositum
916 5106 968 5145 nou
1020 5090 1174 5160 posuissent,
1198 5092 1265 5145 illud
1299 5089 1456 5146 Theoderico
1482 5093 1562 5146 uisum
1596 5102 1633 5148 est
1657 5103 1735 5164 caput
1754 5111 1808 5151 esse

178 5181 432 5253 sumpticuners'scs
454 5180 603 5237 estimetur.
626 5178 691 5234 Herc
713 5182 773 5250 puio
789 5181 927 5237 studiosius
945 5193 970 5236 te
1020 5178 1170 5249 Symmachi
1191 5196 1273 5252 nuper
1292 5182 1379 5246 occisi,
1405 5180 1522 5235 dentihus
1534 5182 1636 5250 quidem
1657 5185 1685 5238 iu
1700 5185 1808 5253 iniurius

179 5271 269 5342 lcpisse
282 5270 468 5337 comperimus,
485 5270 608 5340 pectus
622 5270 693 5323 nohis
714 5271 847 5340 luorolapia
861 5278 970 5338 quanto·
1020 5271 1117 5327 tuorum
1129 5272 1255 5340 impactis,
1270 5271 1351 5326 oculis
1362 5287 1420 5326 uero
1434 5280 1502 5328 torre
1512 5283 1537 5328 et
1556 5274 1693 5343 iumhundu
1705 5276 1807 5328 intuen-

180 5358 572 5414 ciustsausmitteremuturaiis.
592 5357 668 5413 titre
691 5367 779 5413 notum
793 5359 820 5412 iu
835 5358 969 5426 iilopurtc
1024 5357 1089 5412 iiius
1112 5359 1205 5412 minari
1221 5358 1269 5413 sihi
1281 5359 1420 5430 plurimum
1441 5361 1673 5419 studuerimus
1697 5362 1808 5435 prodipi

180 5450 268 5504 muudi
276 5449 370 5520 socios,
384 5448 428 5503 uhi
440 5449 516 5503 aliter
534 5449 662 5518 peruenire
684 5463 734 5502 nou
756 5457 866 5519 poteras.
882 5447 970 5520 hpno·
1023 5444 1131 5501 nouitate
1141 5449 1300 5517 perterritus,
1315 5450 1481 5521 membrisque
1489 5462 1580 5523 practer
1598 5454 1701 5506 modum
1716 5461 1808 5505 treme-

180 5552 251 5597 ssant
264 5556 310 5609 per
326 5551 349 5595 le
361 5549 453 5596 estere
475 5548 573 5613 pentes,¹
589 5542 652 5595 tales
677 5556 724 5595 nos
751 5539 842 5596 hahere
860 5542 969 5608 nohiles,
1023 5537 1122 5593 hundos
1134 5548 1158 5593 et
1175 5537 1291 5608 horrens,
1306 5542 1334 5596 iu
1348 5544 1441 5599 lectum
1469 5547 1546 5599 citato
1568 5546 1650 5616 produ
1668 5560 1694 5599 se
1715 5547 1810 5615 recepit

181 5634 267 5701 punies
287 5632 407 5704 lepuntur
420 5642 548 5687 suctores.
575 5632 680 5699 Quoties
703 5647 754 5686 non
773 5642 832 5685 sunt
850 5634 970 5689 credituri
1021 5632 1207 5702 identidemque
1219 5633 1268 5689 sihi
1278 5643 1397 5709 raparum
1412 5638 1462 5691 oim
1474 5652 1593 5708 mopnam
1603 5637 1684 5707 imperi
1693 5637 1809 5709 juheudo

182 5724 224 5788 eui
236 5724 366 5778 uiderint?
378 5724 473 5792 quaties
488 5723 554 5776 hanc
568 5723 695 5776 ueritatem
710 5720 910 5777 lusoriusomuio
921 5740 969 5793 pu·
1022 5724 1237 5795 paulumpuisnit.
1250 5724 1359 5800 Elpedio
1369 5722 1460 5785 deinde
1472 5729 1570 5785 medico
1583 5729 1710 5798 omnihus,
1723 5746 1809 5801 puero
