4188 6258
331 379 382 438 ιιι
890 364 1404 434 snuuuttsrtscuctrtmnsnsta
1588 334 1592 345 '
1914 356 1969 416 ars

331 515 394 556 nstn
408 464 498 566 lapsus
520 495 623 564 odimlt,
639 505 666 551 et
683 492 908 565 concupiscentia
921 500 1017 563 purqat
1031 497 1123 545 aucto·
1135 490 1161 552 Α
1174 487 1258 558 plum,
1274 483 1307 540 dc
1319 498 1399 541 manu
1413 479 1492 538 lactis
1501 475 1572 550 quod
1583 475 1657 533 nutln
1667 473 1753 545 possit
1762 471 1968 532 uuoetttterio·

332 608 401 650 retu.
420 591 483 648 llaec
496 589 653 647 beatitudini
668 597 720 644 lun
733 588 811 659 quasi
831 585 945 641 strictim
962 599 1012 657 pro
1026 583 1123 655 linque
1173 577 1235 634 lari.
1249 575 1380 632 Occasutu
1395 572 1467 628 cuitu
1481 570 1537 626 ileo
1550 568 1641 624 oblata
1655 580 1708 621 uon
1719 565 1839 622 sentiunt
1851 580 1859 620 a
1872 578 1922 620 nec
1933 562 1968 621 nl

331 696 400 738 nice
412 679 646 735 commendatione
658 677 791 735 dedicati.
805 677 834 733 Si
848 675 972 747 precibus
992 675 1044 729 tuis
1063 674 1126 728 uitae
1175 677 1336 725 uettrstntetn
1362 665 1506 721 tremulam
1530 662 1630 732 pietate
1653 660 1719 714 lulta
1743 658 1969 715 mittuutnrsstat
2057 709 2063 717 ,

218 828 229 851 ‚
331 784 473 829 successus
487 770 621 836 arriserit,
633 754 770 839 gestorum
787 777 892 824 tuorum
904 765 985 839 plena
999 779 1042 821 me
1055 764 1126 820 rela-
1175 762 1297 819 soliditas
1307 757 1449 827 trachium,
1459 771 1540 826 quarn
1556 752 1679 810 Christus
1692 751 1841 821 ingreditur
1853 767 1861 804 τ
1873 758 1901 806 ct
1914 749 1968 806 ori·

331 863 406 924 tione
419 861 601 918 consecrabo:
616 870 644 916 nl
657 876 718 932 quse
739 858 871 916 universis
883 866 947 913 nola
959 864 1032 924 sunt,
1047 869 1125 910 man·
1173 853 1287 926 pinarius
1305 852 1388 908 oblita
1412 848 1575 919 tragilitatis,
1591 845 1749 917 adipiscitur
1762 844 1797 901 de
1811 856 1968 914 possessore

329 954 402 1022 suris
412 954 440 1010 in
452 961 589 1025 posterum
603 952 713 1021 litteris,
724 960 858 1024 quatenus
871 949 988 1022 gaudeat
1001 957 1067 1005 retas
1081 961 1126 1004 se·
1176 947 1318 1003 uirtutem.
1332 945 1414 1001 Tecta
1428 942 1492 999 tilia
1506 941 1540 997 dc
1561 939 1745 996 consecrantis
1767 937 1908 994 nobilitate
1922 936 1969 993 lez
2011 932 2014 935 ’

329 1055 437 1117 cutura,
448 1055 602 1104 sectentur.
775 1102 778 1108 ,
1174 1047 1314 1104 curantur,
1327 1036 1391 1093 dum
1409 1035 1449 1092 rei
1469 1032 1579 1091 caduce
1592 1032 1708 1103 pretium
1733 1029 1860 1086 tribuitur
1870 1027 1969 1087 babere

640 1152 753 1213 ppcppo
773 1153 818 1211 pp,
1176 1131 1211 1188 de
1234 1129 1359 1186 usmlno.
1383 1127 1425 1184 'l'u
1450 1137 1553 1194 autent,
1576 1124 1660 1181 lrtter
1680 1121 1865 1191 sanctissime,
1891 1122 1969 1193 buius

429 1252 438 1284 t
452 1249 487 1306 1„
500 1249 665 1307 mmm
678 1250 757 1304 mim
769 1246 885 1303 ummo
899 1245 1030 1318 φρομ,
1175 1221 1282 1279 oblalor
1299 1220 1416 1287 adilcli,
1429 1219 1464 1277 de
1483 1218 1616 1275 mercedis
1629 1216 1806 1274 retributione
1823 1217 1969 1299 gratulare.

618 1354 702 1396 „m
720 1353 835 1404 mm,
1172 1313 1266 1380 ilescit
1286 1327 1349 1384 spes
1362 1312 1498 1380 titubare,
1513 1311 1558 1367 cui
1581 1310 1661 1365 bone
1683 1310 1785 1366 lrncsus
1806 1309 1970 1380 promittitur

366 1430 507 1502 Nunquam
527 1445 630 1501 „amm
642 1445 712 1486 ,ena
722 1430 850 1485 limem,
861 1426 973 1498 impp,
989 1425 1036 1483 „qi
1049 1424 1125 1482 qim
1175 1405 1305 1462 actionis:
1316 1402 1635 1461 aberercitiodesceudit
1645 1401 1851 1459 retributionum
1861 1401 1969 1473 liducia,

330 1533 372 1581 est
383 1538 465 1580 causa
486 1522 604 1579 dicendi.
620 1521 730 1577 Transit
744 1519 893 1583 hominem,
908 1516 1034 1588 quotiens
1044 1516 1126 1573 coele·
1175 1510 1227 1554 ¹²⁶⁰
1241 1495 1295 1553 ⁰¹¹⁰
1309 1504 1387 1553 ΜΝ
1398 1495 1502 1552 imm
1515 1495 1561 1562 qui
1576 1492 1710 1550 laudandi
1725 1492 1883 1551 meditabit-

328 1618 417 1676 stibus
427 1616 526 1672 militat
537 1628 613 1672 mens
627 1624 719 1673 nostra
733 1611 846 1671 culturis
858 1630 866 1668 z
880 1625 930 1667 nec
943 1611 971 1681 in
983 1618 1126 1681 angustum
1492 1602 1606 1661 blcllu
1624 1601 1658 1660 il,

328 1707 634 1780 redigitur-narrationis
644 1706 762 1774 exilitas,
773 1704 797 1760 si
806 1702 895 1774 opiilci
904 1718 954 1759 suo
964 1701 1125 1772 obsequium
1418 1699 1430 1732 ⁸
1445 1695 1597 1769 incipientis
1610 1696 1730 1766 episcopt

223 1836 227 1845 ·
327 1801 429 1858 reierat
442 1809 608 1858 narraturus.
618 1798 712 1855 Potest
721 1798 792 1855 enirn
804 1797 922 1868 linquam
932 1793 1066 1851 facundie
1075 1793 1125 1850 do·
1468 1803 1551 1846 sucus
1569 1804 1677 1854 qntnrtt.

328 1893 402 1950 tibus
411 1906 509 1949 ornare
521 1892 567 1963 qui
576 1889 702 1958 contulit,
714 1897 743 1947 et
752 1889 817 1946 dare
827 1888 916 1944 verbis
925 1887 1033 1959 ponium
1044 1900 1124 1957 quent
1139 1856 1165 1921 Β
1214 1883 1267 1940 Par
1285 1881 1394 1956 quidem
1416 1880 1556 1952 discipulis
1575 1881 1708 1952 iucipiens
1728 1881 1855 1953 magister
1871 1889 1924 1949 cst,
1942 1887 1971 1938 et

328 1986 446 2043 latentur
459 1984 569 2042 dedisse
591 1998 756 2042 sermonem.
778 1981 846 2039 Nam
861 1980 1012 2054 prophetici
1026 1980 1126 2036 dudum
1179 1977 1251 2034 inter
1264 1974 1375 2032 ctordia
1395 1974 1491 2031 doctor
1504 1972 1576 2029 nulla
1597 1983 1640 2029 est
1662 1972 1697 2028 ab
1717 1973 1884 2030 auditoribus
1897 1983 1972 2031 sorte

327 2078 442 2137 maciem
455 2077 527 2150 iuvit
548 2078 665 2150 eloquii,
688 2076 753 2133 dum
775 2077 808 2131 ad
832 2073 978 2145 perlectam
1004 2072 1127 2144 magistri
1179 2067 1469 2138 sublimiorretpertis
1482 2066 1570 2122 bonor
1584 2065 1696 2122 debetur
1710 2065 1823 2137 lnpcniis
1836 2082 1844 2123 t
1859 2066 1903 2121 rix
1914 2080 1974 2125 me·

332 2169 515 2241 eloquentiam
530 2181 558 2226 et
567 2168 707 2226 fortissimi
722 2165 866 2223 monitoris
879 2164 969 2223 tubtm
991 2163 1128 2220 imbecilla
1178 2158 1300 2217 diucrem
1315 2159 1416 2215 cultum
1439 2159 1551 2229 etigunt
1564 2172 1619 2212 nott
1634 2156 1750 2228 probati.
1772 2156 1818 2213 llla
1833 2166 1896 2212 sunt
1908 2171 1973 2217 tera

332 2259 420 2333 Hosti
438 2262 586 2333 erigeretur
602 2258 714 2315 inlantia
728 2274 734 2313 :
748 2258 796 2330 qui
818 2256 901 2312 nullis
917 2253 1043 2328 gradibus
1062 2253 1127 2311 dum
1178 2253 1324 2325 preconis,
1339 2268 1400 2324 que
1413 2253 1509 2324 longus
1531 2252 1614 2307 sudor
1629 2250 1721 2308 elicuit
1735 2268 1743 2307 r
1759 2250 1973 2308 blandimentum
2046 2252 2049 2258 '

327 2351 455 2425 peritiam
474 2351 619 2408 meditatur
635 2349 763 2417 effloruit,
778 2363 829 2405 nec
841 2363 890 2419 per
911 2348 1000 2404 etatis
1014 2345 1127 2417 alicujus
1178 2355 1229 2415 est,
1251 2363 1306 2403 nou
1327 2345 1470 2417 iudicium,
1487 2345 1613 2417 quotiens
1633 2344 1755 2402 laborem
1768 2344 1853 2417 gloria
1869 2344 1974 2417 ingesta

328 2444 472 2503 seientimn
493 2444 527 2500 ad
545 2456 661 2500 messem
677 2440 851 2514 perfectiouis
864 2440 986 2497 ascendit
999 2455 1008 2493 ι
1021 2439 1068 2509 qui
1081 2439 1126 2494 ditt
1179 2441 1357 2512 precesserit.
1387 2439 1460 2496 inter
1486 2437 1605 2494 maculas
1634 2444 1773 2504 numeret,
1799 2451 1973 2508 quotcunque

327 2537 442 2596 militent
454 2535 616 2593 nlabrictto
631 2535 750 2604 portarit
763 2533 873 2606 iugenio
885 2550 892 2587 :
906 2531 1026 2588 olllcium
1050 2530 1127 2588 ducis
1178 2530 1331 2602 triumpbos
1353 2540 1416 2589 ante
1433 2530 1628 2587 discursionem
1643 2529 1731 2599 campi
1750 2528 1829 2584 miles
1841 2530 1973 2599 acquiret.

327 2626 419 2702 iussus
439 2629 574 2699 arripere,
597 2627 660 2700 quia
683 2626 837 2684 uerecunde
848 2625 955 2691 renuit,
971 2634 1128 2682 consuatur
1178 2623 1230 2692 Qui
1253 2623 1406 2695 properatis
1429 2623 1548 2680 subeunt
1570 2621 1723 2694 Olympiaca
1746 2619 1817 2677 bella
1838 2621 1974 2692 uestigiis,

327 2719 460 2791 impleuit.
473 2719 519 2777 Sic
532 2734 583 2777 nos
592 2719 771 2777 dedicationis
778 2720 844 2775 lesia
858 2717 1038 2785 celebrantes,
1054 2717 1127 2774 iuter
1178 2716 1302 2790 Nunquid
1316 2718 1356 2774 eis
1365 2725 1428 2774 ante
1437 2716 1698 2773 consummationem
1709 2715 1865 2772 certaminis
1874 2728 1974 2785 suppe-

328 2810 459 2883 spiritalis
472 2811 571 2867 letitia
583 2811 653 2867 bona
667 2808 855 2880 prestolantur
867 2809 993 2880 qratiam,
1006 2807 1069 2863 dum
1083 2823 1127 2879 pa·
1178 2807 1212 2865 tit
1230 2822 1292 2879 spes
1312 2809 1438 2866 coronaei
1452 2807 1559 2865 dicente
1573 2807 1703 2876 sportolo
1724 2824 1732 2862 ι
1747 2806 1810 2862 Non
1823 2796 1973 2876 eorunmttr,

329 2916 433 2962 remus.
457 2901 535 2961 Absit
562 2902 677 2959 formido
697 2901 795 2958 debilis
814 2910 1007 2957 :removeatur
1029 2898 1127 2955 bunnia
1177 2903 1229 2958 nisi
1241 2904 1286 2975 qui
1301 2903 1413 2975 leqitittte
1427 2902 1561 2957 cntnoen't
1577 2899 1623 2973 (ll
1643 2900 1711 2956 Tim.
1732 2916 1763 2968 tt,
1782 2901 1822 2973 ll).
1838 2901 1907 2959 Ecce
1924 2916 1975 2959 nec

328 2995 446 3054 inaniter
460 3005 592 3067 concepta
605 3010 653 3067 pur
668 2993 798 3051 studium.
812 2993 912 3051 Nosde
926 2991 1052 3048 burnanae
1066 3007 1139 3063 petr
1177 2995 1329 3053 illosdecet
1346 3003 1410 3050 ante
1431 2995 1556 3050 meritum
1579 2992 1749 3064 predicatio,
1763 3008 1779 3048 a
1793 2994 1890 3064 quibus
1901 2994 1976 3065 iusto

328 3088 454 3149 1⁰⁰150ssi⁵
468 3087 610 3145 “hemme
630 3101 681 3144 ¹⁸00
695 3087 884 3158 mulssim
897 3085 1013 3155 aliquid,
1029 3097 1080 3140 ¹¹³⁰
1094 3083 1126 3139 ῑὶ·
1178 3093 1297 3165 poscitur
1306 3099 1367 3162 post
1378 3090 1511 3147 laborem.
1523 3088 1619 3145 Nostra
1631 3103 1648 3145 c
1659 3087 1768 3145 diverso
1778 3088 1883 3159 prolixo
1892 3087 1977 3145 distat

328 3196 446 3240 metens.
461 3181 565 3239 Deinde
579 3181 639 3253 quis
649 3182 676 3236 itt
688 3181 762 3238 beati
774 3179 886 3239 loannis
901 3178 1039 3252 propbeta
1050 3177 1127 3249 cuius
1179 3186 1247 3244 calle
1266 3183 1386 3241 conditio
1405 3199 1413 3237 :
1431 3181 1528 3254 quibus
1551 3190 1653 3237 tanturn
1676 3180 1829 3253 decerpitur
1847 3180 1882 3238 de
1899 3180 1977 3252 lruqc

329 3275 461 3346 templum
472 3273 524 3330 ltoc
533 3272 712 3329 sanetllcatlt
721 3272 872 3342 inpressos,
882 3272 925 3328 rel
938 3280 1012 3327 muta
1022 3269 1129 3328 dubitet
1181 3280 1355 3346 innocentia,
1365 3283 1495 3350 qnantum
1509 3274 1702 3332 accesseritis
1716 3274 1818 3331 lanum.
1828 3273 1895 3331 Nam
1906 3274 1978 3332 riom

330 3379 380 3425 cra
392 3363 497 3421 luxurii
509 3364 587 3434 cujus
604 3363 698 3418 senior
716 3364 813 3433 qratia,
837 3379 917 3434 quam
937 3370 1050 3430 notura.
1065 3363 1129 3419 dum
1182 3372 1263 3442 positi
1283 3372 1310 3426 in
1334 3370 1466 3427 tirociniis
1485 3369 1661 3434 astimamus,
1678 3366 1785 3437 plenum
1806 3367 1977 3426 necessitatis

332 3466 397 3514 ante
410 3455 478 3514 lucis
499 3457 649 3528 inpressum
669 3456 707 3528 pii
720 3456 790 3512 tatis
802 3456 942 3527 implesset
952 3455 1082 3523 olliciutu,
1098 3457 1131 3513 li·
1182 3472 1210 3518 et
1231 3460 1346 3533 periculi
1361 3461 1415 3517 iter
1430 3469 1481 3528 cst,
1498 3459 1525 3514 in
1539 3467 1633 3529 quo-et
1645 3457 1771 3515 sectanda
1789 3467 1830 3514 est
1846 3460 1900 3514 rita
1919 3459 1978 3515 lau·

330 3564 394 3609 men
406 3549 471 3605 titas
482 3547 564 3620 buius
583 3547 681 3604 uirtute
692 3548 817 3619 siqnatit.
832 3548 899 3604 llam
913 3562 967 3619 unu
980 3548 1130 3620 codemque
1181 3551 1290 3618 dabilis,
1304 3560 1332 3606 et
1352 3552 1381 3607 ltt
1398 3549 1506 3621 probris
1527 3549 1677 3616 uberrima,
1691 3550 1715 3605 si
1730 3548 1865 3607 desideret
1876 3550 1910 3605 ab
1923 3549 1978 3606 btt-

331 3650 465 3709 tempore,
481 3649 509 3694 ct
522 3647 636 3694 matrem
660 3637 824 3695 fecunditate
835 3638 954 3694 nobilem
969 3638 1034 3696 iecit
1047 3650 1075 3696 ct
1087 3640 1131 3696 in·
1181 3643 1309 3699 monitate
1324 3641 1438 3698 laudari.
1452 3642 1530 3698 Actio
1542 3649 1646 3706 nostra,
1658 3640 1680 3695 si
1694 3641 1729 3697 de
1741 3641 1816 3697 bonis
1826 3641 1884 3698 suis
1896 3640 1978 3698 luerit

331 3730 455 3787 oillciosa
469 3729 600 3801 genitoris
623 3727 695 3786 labia
717 3730 744 3785 in
760 3728 895 3800 loquelam
920 3730 1059 3801 pristinam
1078 3745 1129 3788 utu
1181 3736 1261 3801 elata,
1276 3736 1425 3801 sordescet,
1444 3732 1655 3803 protestantibus
1668 3731 1764 3788 divinit
1777 3731 1910 3802 eloquiis:
1924 3733 1978 3799 Qtri

331 3830 472 3883 remeante
506 3821 663 3879 commorit.
687 3820 772 3879 Nemo
798 3820 931 3877 loannem
965 3823 1129 3887 nominans,
1179 3842 1224 3882 nos
1239 3825 1358 3891 laudm,
1373 3824 1866 3896 srdmnntnor,etruioertuntrentitor
1875 3823 1979 3893 matrs

333 3922 398 3987 post
409 3913 528 3985 etentpli
540 3912 716 3986 precedentis
729 3913 869 3981 miracula,
879 3913 1019 3985 prisliuant
1030 3915 1130 3986 linquae
1179 3926 1319 3973 tetrorum
1338 3914 1417 3989 (itai.
1441 3930 1480 3983 ut,
1504 3915 1562 3987 lt).
1581 3915 1758 3987 Splendorent
1775 3915 1906 3986 poutiicis
1915 3930 1978 3985 res,

331 4004 488 4065 habiturum
502 4020 533 4063 so
546 4005 698 4076 suspicetur
712 4005 886 4075 imperitiam.
903 4005 1129 4063 Postsacralissi·
1181 4023 1234 4065 non
1250 4009 1339 4080 linqua
1355 4017 1471 4066 tcsletur
1486 4024 1494 4063 τ
1512 4007 1571 4078 plus
1585 4008 1657 4064 lucet
1669 4007 1778 4063 claritas
1797 4007 1877 4077 buius
1892 4005 1980 4065 oiilcii

331 4113 406 4156 mum
428 4097 586 4155 Zachariam
599 4096 676 4168 cujus
698 4095 820 4153 lancibus
839 4096 978 4155 eliminata
994 4113 1042 4168 per
1056 4098 1130 4156 istud
1179 4104 1301 4160 ueritatis
1320 4103 1420 4160 indicio
1443 4116 1522 4173 quant
1544 4101 1667 4170 loquele.
1683 4101 1754 4157 Ecce
1772 4100 1881 4157 cernitis
1894 4114 1979 4171 quarn

331 4190 493 4250 uocabulum
515 4189 647 4247 remeavit
671 4188 835 4257 numatius,
858 4188 894 4246 ab
917 4188 1050 4246 uniuersis
1067 4189 1130 4260 jure
1178 4204 1236 4253 tuta
1254 4195 1290 4253 sit
1310 4211 1390 4252 causa
1410 4192 1536 4266 subjecti,
1549 4202 1576 4251 ct
1589 4193 1698 4266 quantis
1713 4193 1915 4248 discriminibus
1931 4207 1981 4248 so-

331 4282 451 4341 creditur
462 4281 580 4338 loannes
592 4280 731 4352 apostolus
743 4280 826 4337 claris
840 4295 902 4338 esse
924 4280 1078 4338 uerborum.
1098 4282 1128 4338 ltt
1179 4289 1249 4345 cista
1264 4287 1411 4359 praepositi.
1432 4286 1520 4343 ilunia
1536 4300 1595 4342 mea
1608 4286 1667 4356 plus
1683 4285 1805 4354 poteritis
1819 4283 1913 4340 lnlcire
1926 4298 1978 4355 pe.

331 4374 551 4447 buiuscomitutn
574 4375 740 4440 Antoninus,
757 4374 856 4432 uetusti
881 4377 963 4431 herus
984 4374 1088 4443 seculi,
1100 4383 1130 4431 ct
1179 4381 1300 4448 mitibus,
1313 4396 1393 4452 quant
1408 4380 1536 4436 clamore.
1552 4376 1638 4434 Nemo
1653 4376 1726 4448 quod
1745 4376 1856 4433 turibus
1875 4375 1981 4431 lenoci-

331 4468 482 4526 beatissimi
504 4467 625 4524 cassiani
643 4466 735 4539 juncta
750 4465 891 4534 claritudo,
913 4466 1014 4523 iaciunt
1026 4466 1129 4525 demde
1179 4482 1271 4538 natur,
1293 4471 1387 4528 credat
1404 4469 1534 4527 eximium
1551 4485 1559 4525 s
1575 4484 1666 4525 sermo
1684 4475 1787 4534 nmter,
1809 4467 1859 4522 nisi
1876 4468 1981 4523 anintte

331 4570 541 4628 sacramentum,
554 4559 590 4616 de
604 4567 712 4616 terrena
734 4558 900 4615 habitatione
913 4559 1027 4617 coeleste
1045 4560 1129 4617 colle·
1140 4614 1167 4679 υ
1179 4567 1314 4632 medetur,
1336 4564 1457 4636 altjectus
1475 4571 1528 4620 est.
1547 4562 1623 4619 illum
1642 4559 1778 4632 pratens,
1794 4560 1839 4631 qui
1861 4558 1982 4630 spirituli

395 4717 477 4773 Dictis
491 4718 518 4771 in
531 4717 692 4773 dedicatione
713 4717 792 4771 misto
807 4715 938 4776 linrimoi
953 4717 1048 4774 Eidem
1064 4719 1124 4789 epi·
1177 4719 1224 4777 lib.
1239 4733 1295 4783 tttt,
1310 4732 1369 4784 cap.
1386 4715 1412 4784 l,
1427 4717 1621 4785 scriptumest,
1641 4713 1795 4769 Ennodittm
1810 4725 1882 4768 anno
1894 4709 1980 4767 Citri-

332 4788 457 4911 spiscopo
472 4788 618 4857 Ticinensi,
630 4790 674 4857 qni
688 4790 796 4865 syuodq
806 4788 983 4844 absolutionis
996 4790 1125 4861 Symmn·
1177 4791 1212 4848 sti
1233 4789 1287 4846 still
1307 4788 1403 4845 sedere
1424 4791 1549 4857 cepisse.
1566 4785 1618 4854 Qui
1638 4784 1709 4841 enim
1732 4784 1817 4854 potuit
1837 4782 1884 4837 illo
1903 4797 1983 4837 anuo

333 4874 348 4912 c
360 4859 376 4912 ti
388 4874 448 4912 cutn
458 4861 564 4915 sceleris
576 4859 695 4914 interluit
704 4866 732 4914 et
744 4859 911 4927 subscripsit.
919 4860 1048 4931 Superior
1060 4875 1124 4916 ura·
1178 4862 1320 4933 episcopus
1333 4861 1429 4925 creari,
1447 4859 1492 4927 qui
1513 4872 1584 4911 anno
1598 4856 1719 4923 proxime
1731 4853 1909 4910 antecedente
1921 4868 1982 4922 quo

333 4926 372 4981 tio
385 4927 501 5008 Marinio
512 4929 583 4983 dicta
596 4929 663 4985 luit:
677 4930 735 4984 ltaec
745 4944 760 4981 a
771 4928 898 4999 Maximo,
911 4945 971 4984 ctttu
983 4932 1125 4988 dedicare·
1177 4932 1279 4988 ltaliam
1295 4933 1431 5001 ingressus
1450 4937 1492 4983 est
1511 4926 1706 4989 Theodericus,
1728 4924 1847 4981 sedecim
1871 4933 1982 4978 tanturn

332 5008 377 5052 ¹¹¹*
391 4997 497 5051 ¹³³⁵i¹¹⁰²
508 4997 537 5052 S·
548 4999 659 5055 ³⁰²¹¹¹⁰i⁸
673 4999 808 5068 Biblisshlh
820 5016 900 5069 quent
914 5016 984 5056 nono
999 5001 1124 5072 exemplo
1178 5013 1236 5058 erat
1251 5000 1402 5056 attnnrumi
1420 5007 1467 5054 aut
1486 4998 1622 5066 quomodo
1643 4996 1743 5067 imponi
1757 5005 1813 5050 lutn
1830 4994 1917 5062 potuit
1929 5008 1982 5048 ca-

331 5067 483 5148 apnstolum
499 5082 605 5137 qunque
624 5072 759 5126 nontittat:
778 5079 807 5124 ut
823 5069 995 5138 prodromum
1011 5068 1124 5141 tt'empe,
1178 5073 1280 5128 tltedrae
1291 5069 1436 5131 Ticinensi,
1449 5084 1529 5139 quarn
1542 5067 1629 5124 adbuc
1641 5068 1750 5137 regebat
1762 5077 1789 5120 ct
1799 5064 1901 5132 aliquot
1917 5073 1985 5129 post

333 5151 499 5205 mtssnmquc
510 5148 573 5192 autc
584 5139 683 5193 Christi
699 5139 969 5197 Dominiadtcnlutn:
981 5146 1125 5209 quomodo
1178 5144 1256 5200 annis
1279 5142 1351 5198 rexit
1373 5139 1550 5212 Epiphanius,
1571 5154 1602 5193 ac
1620 5148 1682 5209 post
1697 5136 1876 5207 lipipltanitttn
1892 5134 1985 5189 biasi-

332 5217 361 5263 et
376 5209 520 5276 prophetas
535 5223 562 5261 tn
577 5209 750 5279 hpulopeticn
764 5210 842 5273 dixit,
862 5210 924 5279 qnia
938 5223 966 5268 ct
982 5213 1031 5282 ipsi
1048 5215 1123 5269 missi
1177 5230 1238 5269 tntts
1259 5228 1339 5284 quem
1364 5212 1468 5284 synodo
1491 5209 1601 5281 palmari
1628 5208 1781 5264 interlulsse
1803 5205 1985 5261 monuimus!

331 5287 411 5342 liubi·
433 5277 567 5344 ³l‘0510108
593 5295 673 5349 putas
687 5283 846 5352 nuttcupari.
861 5279 960 5338 Verum
980 5282 1052 5340 ardes
1077 5283 1123 5338 illa
1177 5285 1260 5341 Certe
1271 5293 1298 5339 et
1312 5286 1338 5338 in
1353 5281 1482 5350 Apologia
1503 5294 1551 5349 pro
1565 5280 1680 5362 synodo,
1696 5287 1723 5335 el
1738 5295 1763 5333 tn
1778 5278 1904 5332 omnibns
1918 5275 1985 5342 epi-

331 5364 385 5404 nun
399 5348 486 5404 solutu
501 5348 611 5404 loannis
626 5349 769 5420 Baptistae,
782 5351 831 5408 sed
846 5353 976 5409 littlunitti
996 5355 1079 5410 eliatn
1093 5364 1122 5411 ct
1176 5355 1254 5411 stolis
1268 5368 1334 5424 quas
1352 5361 1409 5408 tutu
1432 5351 1586 5422 Symmaclrt
1610 5350 1765 5419 ptrnttncatu
1785 5347 1905 5417 scripsit,
1922 5361 1984 5402 uon

330 5418 452 5476 Cassiani
465 5419 543 5476 tilulo
559 5420 693 5476 dedicata.
1177 5425 1293 5496 amplius
1302 5440 1333 5479 sc
1344 5438 1423 5494 quarn
1437 5422 1579 5477 draconum
1590 5421 1708 5491 appellat
1723 5420 1872 5476 innodius.
1886 5419 1985 5482 Quare

368 5498 379 5529 ¹
396 5497 480 5551 liteno
498 5496 641 5568 incipientis
660 5495 783 5570 episcopt]
805 5497 938 5555 lnnertum
957 5507 1000 5556 est
1013 5514 1047 5555 sn
1059 5514 1125 5558 con·
1175 5498 1276 5553 certius
1290 5493 1404 5561 ridetur,
1416 5492 1487 5562 qnod
1501 5493 1546 5546 alii
1563 5501 1687 5561 censent,
1702 5490 1852 5547 llortnisde
1866 5498 1983 5558 tetupo·

333 5567 412 5623 eiune
434 5567 484 5624 bac
505 5584 570 5623 usus
591 5567 626 5622 sit
649 5567 786 5621 littnodius
808 5570 875 5637 ipse,
897 5586 958 5626 cunt
981 5572 1124 5642 episcopus
1175 5566 1252 5623 ribus
1267 5568 1300 5622 ad
1314 5582 1374 5621 cam
1388 5564 1544 5634 diqttitatem
1556 5577 1680 5619 erectum
1694 5562 1787 5618 luisse.
1800 5560 1854 5621 sed
1866 5573 1930 5615 cutn
1942 5559 1985 5615 de

332 5649 439 5693 creatus
461 5648 512 5707 est,
537 5654 582 5705 an,
600 5639 671 5708 quod
698 5640 786 5706 potius
806 5654 879 5705 reor,
901 5643 1040 5697 lormulam
1062 5643 1124 5699 aliis
1174 5651 1247 5692 anno
1261 5636 1501 5708 initiepiscopatus
1516 5649 1570 5688 nun
1586 5633 1696 5704 liqueat,
1709 5632 1744 5689 de
1757 5634 1810 5688 line
1822 5644 1889 5687 cons
1903 5638 1985 5685 atex

332 5708 532 5777 scripseritque
544 5713 569 5764 in
583 5713 754 5780 episcopatus
767 5711 893 5779 auspiciis
904 5723 1053 5768 uterentur.
1064 5712 1124 5768 Cte-
1174 5707 1287 5763 consuls
1300 5712 1347 5777 qul
1361 5704 1478 5763 Enuodii
1488 5704 1625 5777 epitaphio
1636 5704 1770 5775 ascriptus
1782 5712 1835 5771 est,
1847 5700 1986 5761 incidisse

332 5782 420 5830 lerunt
441 5779 476 5832 de
495 5780 607 5835 brunuli
632 5784 758 5838 rattrudra
782 5783 858 5851 lurp·
883 5784 1043 5838 rehttnlmtte
1068 5798 1121 5839 non
1173 5776 1320 5840 lumbum
1334 5775 1397 5835 llil.

331 5855 402 5915 egel,
416 5847 488 5917 quud
508 5863 525 5906 ι
545 5849 681 5909 lteroanh
696 5854 780 5912 Succu
802 5855 829 5911 itt
851 5852 967 5910 flisluritt
987 5854 1122 5913 Ticittensi
