4188 6266
318 333 372 390 965

585 440 618 495 ΙΝ
637 437 782 493 motmunt
802 434 845 489 iii.

354 536 468 591 iiarmen
486 530 670 594 eat.dicoion‚
684 536 812 583 constans
828 524 963 594 sappbico
974 533 1002 578 ιι
1014 522 1111 595 (glyco-

321 627 392 691 nico,
400 640 456 696 qno
466 624 532 679 satia
541 621 680 679 evidenter
693 618 845 674 ostenditur
866 631 919 671 non
932 615 1019 669 solum
1031 614 1111 666 rebus

321 716 444 772 numanis
466 713 566 769 nullam
583 711 673 766 inesse
685 706 877 772 constantiam.
891 703 987 773 utiam
1009 703 1111 757 dictum

319 818 377 874 cst.
392 803 590 862 senatumne
610 803 637 857 itt
653 803 705 857 boo
726 799 828 856 maudo
843 811 904 853 esso
927 794 1109 861 immutabile,

319 913 381 953 cum
408 909 488 951 omae
513 893 540 949 id
556 892 634 964 *quati
657 889 694 946 sit
723 875 843 959 ‘cubum
866 899 986 943 ‚necesse
1005 882 1042 940 sit
1060 882 1111 938 aii·

319 989 427 1061 quando
440 986 588 1056 oomumpi.

354 1077 475 1150 Piroeiar]
489 1076 546 1133 sut.

355 1167 459 1240 ducii
472 1164 651 1223 Rubicundls.

357 1257 492 1329 beleum]
508 1258 592 1326 liajus
603 1255 675 1311 enim
689 1251 906 1309 iomeuoiinscat
916 1250 1023 1306 minas:
1039 1247 1110 1303 unda

320 1361 350 1407 et
360 1347 470 1406 bvtdtm
481 1363 490 1402 ι

318 1453 320 1457 ·
413 1439 474 1491 liuto
487 1437 546 1499 vigil
557 1436 632 1485 nitido
641 1433 758 1497 puteioclt
767 1434 798 1482 ab
810 1441 866 1483 ortu

364 1502 505 1565 Purpureas
514 1511 600 1548 aurora
610 1497 684 1550 iores.
694 1504 720 1544 ot
732 1496 804 1557 plena
814 1505 924 1543 rosarum

364 1563 432 1611 Atria
454 1560 582 1622 diffugiunt
592 1556 682 1617 stellae,
699 1568 801 1618 quarum
812 1555 910 1615 agmina
921 1554 988 1612 oossit

364 1601 475 1683 lucter,
488 1629 513 1671 m
524 1620 580 1669 cmtt
591 1619 696 1668 statione
707 1617 851 1666 amissimus
862 1614 926 1663 etit.
970 1664 972 1667 ,

353 1705 378 1758 F
380 1701 491 1772 lammis]
506 1699 699 1770 splendoribus
711 1698 786 1752 solis.

353 1790 539 1862 Prementibual
552 1788 761 1845 Obscurantibus
772 1772 875 1841 stellas.

353 1882 451 1955 Spiret]
468 1885 547 1939 liceat
557 1883 588 1936 ai.

352 1969 487 2040 Insanum]
504 1971 686 2039 insalubriter,
701 1983 800 2025 nomen
816 1983 864 2037 pru
878 1966 1018 2022 adverbio.

352 2063 498 2119 Ncoutouu
518 2062 614 2131 curto]
629 2061 678 2115 llic
693 2068 789 2114 tentus
802 2067 842 2113 est
858 2056 925 2110 llans
947 2070 962 2108 a
984 2053 1107 2117 meridie,

318 2154 460 2211 nebulosus
474 2161 553 2220 atque
567 2152 721 2213 ltumectus3
736 2147 808 2203 tande
821 2158 849 2201 et
862 2163 877 2199 a
892 2145 995 2200 Graecia
1010 2144 1109 2199 dicitur

217 2227 221 2233 ⁸
319 2247 401 2313 sirac,
416 2245 449 2298 ab
468 2257 501 2297 cu
513 2242 584 2311 quiid
598 2251 641 2295 est
652 2241 733 2301 sirac,
754 2237 912 2299 bumiditas,
935 2238 1042 2302 immor,
1058 2234 1108 2288 lm·

319 2336 376 2389 tine
388 2343 489 2396 auster,
501 2330 572 2399 quud
583 2343 662 2383 aures
675 2334 778 2382 sternat
789 2326 960 2392 hebetatum,
972 2323 1014 2377 vel
1029 2326 1108 2376 baus-

318 2432 369 2487 ter‚
384 2421 418 2475 ab
432 2417 588 2473 hauriendis
610 2414 696 2485 aquis.
718 2413 756 2469 lle
779 2414 831 2469 boc
852 2411 995 2467 Cornelius
1015 2411 1108 2466 Celsus

318 2510 386 2569 ilbru
400 2510 539 2565 llediciuse
561 2504 693 2569 sectando,
707 2505 795 2572 eapite
819 2504 925 2573 primo:
941 2501 1041 2556 Auster
1060 2516 1109 2554 au·

318 2615 362 2657 res
381 2599 502 2666 hebetat,
517 2612 613 2654 sensus
634 2594 736 2661 tardat,
754 2593 850 2661 cupitis
864 2592 974 2648 dolores
1000 2600 1108 2653 motet,

317 2694 405 2749 altum
420 2693 516 2757 solvit,
533 2698 616 2744 totum
630 2701 730 2758 corpus
743 2686 828 2742 ellicit
841 2684 937 2750 bebes,
951 2683 1107 2748 bumidum,

317 2783 481 2852 languidum.
496 2779 621 2834 Horatius
636 2779 663 2833 in
676 2775 873 2832 sermonibus:
939 2808 942 2815 ⁴

365 2872 418 2923 Nec
428 2873 489 2921 mala
499 2885 539 2922 me
550 2872 649 2921 ambitio
661 2869 752 2933 perdit,
763 2879 810 2916 uec
820 2867 948 2928 plumbeus
958 2873 1052 2915 auster.

318 2955 427 3012 lividius
441 2956 469 3010 in
482 2955 597 3024 septimo
612 2951 876 3020 lietamurpboseos:

363 3046 483 3098 letiferis
488 3046 558 3096 calidi
568 3048 691 3108 spirarunt
699 3044 800 3093 ustttms
810 3042 885 3092 austri

639 324 812 382 beemots
830 323 878 379 ab
897 320 1018 377 btottos
1041 319 1084 374 ot:
1103 314 1361 373 CONSOLleONE
1381 308 1628 368 tttttosobtttm.

1285 422 1404 483 rurpum
1415 418 1492 483 legali
1504 431 1590 479 senes,

1286 484 1354 533 lotus
1364 482 1405 531 bie
1416 482 1458 531 ubi
1468 481 1586 530 consituta
1599 484 1645 527 est.

1161 566 1287 621 lloratius
1298 565 1325 619 in
1336 565 1420 620 odis:
1522 592 1529 605 ι

1286 653 1551 716 lgnlslllteasdomos.

1161 735 1283 793 Catullus
1295 753 1302 787 ι

1285 824 1367 874 Diana
1378 836 1463 879 mimus
1477 826 1502 873 in
1513 823 1561 873 bde

1282 887 1375 937 Paete
1386 896 1413 938 ot
1427 887 1498 948 {tueri
1510 884 1609 947 integri.

1161 951 1253 1025 idem:

1284 1061 1391 1111 itetioas
1401 1062 1448 1110 iter
1458 1071 1547 1109 annum

1285 1121 1385 1172 ltusttca
1397 1121 1511 1184 agriculae
1521 1119 1593 1167 bottis

1283 1184 1361 1234 ‘lesit
1377 1181 1491 1245 frugibus
1502 1179 1612 1242 expleas

1200 1260 1305 1320 Coiu'ut
1319 1262 1422 1348 eterna]
1445 1261 1559 1318 Pulcbra
1582 1257 1779 1328 verissimaque
1801 1259 1956 1325 conclusio,

1161 1378 1212 1433 qua
1235 1356 1386 1415 oso-ndttur
1407 1369 1487 1408 omne
1500 1352 1526 1406 id
1541 1351 1612 1419 «rituti
1630 1349 1750 1419 genitum
1771 1360 1812 1405 est
1840 1365 1957 1418 corrup

1162 1454 1227 1508 tiuui
1245 1464 1305 1504 esse
1324 1444 1485 1502 obnoxium.
1498 1442 1671 1498 Aristotelem
1693 1443 1718 1496 in
1735 1442 1821 1510 primo
1833 1439 1956 1496 deiioelu

1161 1554 1188 1598 ιι
1202 1541 1318 1594 iimmot
1334 1536 1459 1593 Genitttm
1473 1533 1544 1588 enim
1555 1540 1583 1587 et
1596 1531 1773 1601 corruptibile
1783 1546 1846 1587 sese
1861 1540 1956 1585 tanutuo

1161 1640 1372 1702 consequuntur.
1394 1628 1497 1684 Seneca
1518 1625 1633 1692 epistola
1648 1623 1705 1679 tt:
1725 1622 1776 1678 Cui
1795 1622 1870 1679 nasei
1889 1636 1957 1678 eota·

1162 1728 1235 1798 tigit,
1258 1723 1327 1779 muri
1347 1728 1442 1778 restat.
1462 1719 1536 1773 idem
1549 1715 1633 1771 alibi:
1656 1715 1708 1769 Les
1730 1716 1801 1769 utilis
1817 1723 1876 1781 est,
1894 1731 1957 1786 qttae

1123 1789 1147 1847 B
1158 1823 1233 1891 jubet
1244 1818 1317 1874 nasci
1328 1826 1356 1871 et
1368 1815 1447 1869 mori.

1194 1907 1311 1980 Constat]
1326 1904 1435 1964 Certut'tt
1449 1910 1475 1958 et
1487 1900 1605 1966 firmum,
1621 1899 1671 1953 ltoc
1684 1908 1741 1965 ιιι,
1757 1909 1786 1951 ut
1799 1897 1865 1951 niltil
1879 1898 1956 1967 getti-

1072 2051 1078 2063 ,
1160 2015 1216 2057 tum
1232 2009 1347 2063 antistet,
1363 1999 1388 2051 id
1403 2005 1446 2052 est
1461 2002 1588 2063 praepetuo
1601 1994 1679 2046 duret
1692 1998 1774 2059 atque
1784 1998 1955 2059 permaneat.

1160 2095 1337 2148 llutimianus
1353 2105 1361 2142 ι

1235 2182 1307 2232 mnus
1319 2183 1406 2228 oracta
1417 2189 1475 2225 suos
1484 2180 1609 2236 repetunt,
1622 2170 1922 2232 matremquerequirnat.

1161 2264 1279 2333 Baptista
1295 2261 1475 2315 Mantuanus:

1237 2353 1315 2413 Unda,
1326 2350 1414 2411 solum,
1426 2355 1543 2411 pereunt.
1553 2334 1622 2406 ⁴perit
1630 2343 1744 2393 bumidua
1752 2342 1841 2402 mtbcr,
1851 2348 1880 2390 et
1890 2341 1954 2403 ipram

1268 2413 1373 2472 Occidit,
1387 2418 1414 2460 et
1428 2408 1546 2471 quidquid
1557 2415 1659 2468 quatuor
1673 2406 1827 2454 istacream.

1425 2491 1457 2546 ΙΝ
1481 2488 1620 2546 Pitbsell
1643 2486 1689 2542 tt.

1196 2585 1337 2657 Superiori
1351 2597 1430 2654 prosa
1445 2582 1538 2637 Boetio
1556 2578 1728 2647 i’biiosopbia
1754 2574 1886 2646 quandsa
1907 2589 1955 2628 or·

1161 2688 1225 2734 tuna
1240 2676 1319 2732 bottis
1333 2672 1461 2744 praeditus
1473 2680 1621 2739 auctusque
1630 2668 1723 2721 luisset
1742 2664 1858 2720 ostendit
1870 2681 1877 2716 ;
1888 2676 1955 2733 quo-

1161 2782 1221 2823 rum
1232 2765 1363 2821 relatione
1377 2762 1454 2817 lacile
1468 2758 1591 2829 probaui
1612 2758 1686 2827 plura
1702 2756 1727 2811 ei
1740 2754 1874 2809 lurionem
1889 2768 1955 2809 cott-

1162 2860 1254 2916 tuiisse
1266 2871 1345 2927 quarn
1363 2850 1515 2910 abstulisse.
1529 2849 1606 2905 Nunc
1619 2858 1709 2901 autem
1732 2845 1812 2899 docet
1827 2853 1900 2898 tanta
1914 2842 1955 2899 iiii

1162 2963 1305 3020 superesse
1320 2947 1402 3012 bona,
1414 2955 1444 2998 ut
1458 2944 1481 2996 si
1495 2955 1546 3011 qua
1558 2941 1593 2993 sit
1609 2939 1634 2992 in
1648 2939 1760 2992 iortuuae
1775 2935 1856 2989 rebus
1871 2933 1955 2987 ielici·

1163 3054 1216 3109 tas,
1230 3040 1348 3096 nondum
1356 3052 1416 3092 eam
1427 3034 1575 3106 perdidisse
1586 3031 1716 3087 rideatur.
1730 3026 1831 3081 Deinde
1843 3023 1955 3079 [amilia-

284 3177 289 3183 ·
353 3128 447 3200 ΒΜ]
464 3130 595 3184 “limum
612 3128 825 3197 Pilsshflulililii
836 3133 1035 3179 ⁰1⁰²¹¹¹0¹¹¹¹¹¹¹b
1123 3146 1146 3207 c
1162 3138 1226 3191 riter
1250 3135 1335 3188 tirum
1356 3126 1545 3200 reprelteudit,
1563 3124 1642 3180 nituis
1662 3122 1753 3176 antimo
1766 3117 1955 3173 conturbatum

353 3221 504 3291 Tranquillo
516 3218 616 3290 meno]
629 3219 786 3288 Trattquilia
797 3218 954 3272 serenitate.

352 3310 482 3382 inauratis]
496 3312 553 3365 Non
570 3311 661 3366 motis.

352 3402 460 3473 Aquilo]
487 3404 587 3459 lentus
607 3413 649 3458 est
669 3404 704 3457 ab
727 3403 880 3471 impetuoso
902 3401 998 3468 aquitan
1019 3399 1110 3451 volatu

317 3495 481 3557 nominatus,
501 3492 718 3562 septentrionalis
736 3493 843 3561 uuidem
856 3503 883 3548 et
906 3489 1108 3561 frigidissimus,

317 3598 397 3655 quem
411 3583 498 3639 cruet
510 3583 603 3659 βορέαν
616 3582 760 3651 appellant.

352 3671 499 3745 ferventes]
513 3673 681 3729 AEstuantes.

274 3820 278 3827 ,
354 3762 446 3835 Verso]
461 3763 607 3829 Sobrerso,
621 3762 723 3827 diruto,
739 3761 887 3830 exagitato.

351 3853 480 3929 AEpaorc]
493 3855 629 3925 equarum
642 3851 763 3922 planitie.
776 3850 879 3918 AEuoor
891 3851 962 3905 enim
974 3849 1008 3902 ab
1019 3861 1109 3916 mqua-

319 3951 393 4006 litatc
407 3950 507 4004 dictum
523 3961 583 4003 ease
595 3951 710 4000 constat.

353 4042 425 4097 liora
446 4040 468 4095 ai
491 4046 655 4094 cometiae
680 4037 763 4107 furtim
786 4031 894 4106 mando]
914 4038 1107 4104 Argumentum

317 4133 419 4206 proiert
431 4131 466 4186 ab
480 4144 513 4191 eo
533 4131 604 4200 quod
629 4129 714 4198 magis
732 4137 783 4184 est.
807 4126 890 4196 blopis
910 4125 985 4181 euim
1008 4125 1108 4180 ntundo

271 4270 298 4287 ,.
318 4223 423 4279 ridetur
436 4221 526 4275 inesse
542 4219 747 4281 constantines
763 4225 909 4286 perpetuus
922 4227 1010 4280 tenor,
1026 4230 1106 4283 ntroin

316 4313 399 4369 rebus
423 4300 574 4366 mortalium
600 4312 712 4362 tertuum
736 4307 931 4377 mutationique
956 4307 1106 4375 subjectis:

316 4405 366 4461 sed
380 4404 490 4470 mondo,
504 4415 532 4455 ut
547 4416 579 4456 et
595 4399 801 4470 particularibus
818 4401 950 4468 eaetnplis
964 4399 1107 4453 collectum

1160 3233 1196 3287 ob
1210 3241 1315 3302 partem
1328 3227 1458 3283 bonorum
1472 3225 1616 3286 amissam,
1628 3232 1688 3272 cum
1705 3213 1858 3269 mortalium
1875 3225 1956 3266 tiemo

1161 3323 1196 3379 sit
1210 3320 1328 3384 uranica
1342 3326 1419 3387 parte
1434 3313 1595 3368 fortunatus.
1611 3309 1707 3364 Postea
1718 3306 1798 3363 docet
1808 3316 1902 3358 reram
1916 3300 1956 3354 le-

1160 3412 1287 3467 licitatem
1299 3409 1326 3462 in
1338 3411 1450 3461 tortunce
1462 3400 1538 3457 bunis
1546 3391 1659 3454 'minime
1669 3396 1827 3452 consistere.
1840 3389 1957 3445 Proinde

1161 3498 1352 3555 beatitudiuem
1367 3491 1501 3562 expetenti
1513 3488 1585 3544 nulia
1601 3487 1706 3543 ratione
1722 3498 1783 3538 esse
1794 3479 1954 3542 dolendum.

1159 3589 1231 3660 quod
1251 3586 1372 3641 amiserit
1386 3595 1419 3636 ea
1430 3594 1489 3650 quae
1503 3593 1568 3636 tere
1581 3577 1688 3634 beamm
1702 3574 1809 3629 eiicere
1821 3584 1875 3626 non
1890 3582 1956 3639 poa-

1160 3692 1235 3735 sunit.

1197 3751 1374 3837 llecoicntcnt]
1385 3762 1624 3824 ttnmtnisuemcm,
1635 3768 1661 3812 et
1671 3756 1763 3810 auimo
1776 3758 1955 3822 repetentem.

1195 3857 1405 3931 Copuit]dnpit.
1418 3853 1535 3910 Etrttitts:
1675 3909 1680 3917 ,

1470 3942 1588 3993 Carsulae
1598 3938 1705 3998 loras'so,

1172 4022 1173 4025 ’
1225 4012 1286 4070 (ιιι
1298 4020 1362 4058 nunc
1374 4014 1400 4056 te
1411 4005 1503 4066 coquit.

1196 4093 1400 4163 inimicissimam
1423 4105 1502 4162 pcata
1526 4097 1561 4140 cat
1578 4082 1712 4152 infortunii
1727 4082 1807 4152 [aisse
1828 4079 1928 4149 felicem
1939 4132 1951 4146 ⁴

1161 4187 1270 4241 Plautus
1284 4185 1311 4239 itt
1325 4181 1512 4238 liudetttibus:

1252 4274 1367 4324 liiserum
1377 4273 1440 4321 istuc
1449 4269 1552 4318 terbum
1563 4273 1590 4315 et
1601 4266 1732 4328 pessimum
1744 4268 1792 4319 est,

1252 4335 1383 4397 Habuisse,
1395 4339 1423 4383 et
1434 4329 1494 4380 nibil
1507 4329 1608 4377 babere.

1161 4420 1353 4474 llanimianus:

316 4508 372 4562 ιιι,
393 4510 446 4551 non
469 4496 539 4549 inest
557 4507 663 4560 seraper
685 4491 779 4546 eadem
804 4488 901 4557 iacies,
926 4500 1149 4561 perpetuaquep)
1223 4530 1290 4578 Dm
1301 4528 1360 4577 mis
1370 4525 1468 4575 misem
1479 4521 1621 4573 memoratio
1634 4482 1854 4580 prismbunmum,

315 4590 475 4657 constantia.
490 4586 572 4641 llulto
585 4586 665 4656 igitur
677 4584 766 4638 minus
786 4583 938 4637 mirandum
952 4590 1009 4647 est,
1025 4580 1048 4635 si
1063 4595 1107 4634 res

316 4680 439 4736 nuruum
452 4692 562 4733 casuum
578 4676 734 4730 varietatem
748 4674 876 4743 vicesque
888 4673 1029 4743 recipiunt.

351 4768 443 4841 Crede]
457 4769 544 4824 lronin
564 4777 622 4832 cst,
640 4767 716 4836 quasi
737 4765 829 4841 d‘cut:
847 4765 957 4819 lliniuue
979 4763 1026 4817 tibi
1049 4777 1108 4817 cre·

289 4920 292 4929 ,
315 4861 433 4917 dendum
445 4868 496 4915 cst.
512 4860 557 4914 Sic
570 4867 667 4928 poeta:

394 4951 404 5000 l
417 4962 490 5010 nuuc,
504 4959 530 5000 et
542 4949 623 5000 verbis
635 4950 749 4998 virtutem
760 4947 835 4997 illude
846 4946 968 5009 superbis.
1073 4955 1083 4977 ⁴

248 5036 257 5071 i
318 5034 351 5089 lit
363 5031 508 5088 lloratiua:

344 5182 346 5189 y
396 5123 412 5177 l,
420 5134 484 5173 nunc
496 5131 523 5171 ιι
534 5133 619 5171 temus
630 5127 710 5169 tecum
718 5118 838 5167 meditare
849 5128 958 5167 canoros.

353 5205 441 5277 lionis]
456 5206 561 5260 iambus
571 5213 629 5270 ιιι,
653 5218 714 5257 nam
728 5203 799 5258 sicut
817 5201 995 5257 Terentianus
1009 5200 1107 5263 ducet,

316 5282 482 5368 Glyconicua
490 5307 584 5349 versus
601 5291 827 5362 quemadmodum
841 5301 869 5347 et
882 5289 1042 5353 Phalaecius,
1058 5304 1108 5358 pro

317 5388 437 5458 spondeo
459 5387 538 5442 modo
560 5385 693 5447 iambum,
710 5383 792 5437 modo
810 5382 957 5438 trochaeum
980 5380 1107 5436 admittit.

317 5480 451 5549 Septimus
464 5497 470 5532 :

440 5572 558 5632 deritmte
572 5567 669 5617 inlusio
679 5563 792 5627 mnndum

441 5633 548 5682 sumtus
560 5630 659 5691 Panope
671 5638 774 5689 greges·

317 5713 390 5774 idem
402 5734 410 5773 ε

1256 4591 1285 4640 lit
1296 4590 1392 4652 marius
1402 4597 1496 4636 summo
1508 4584 1615 4632 cuimine
1627 4586 1706 4628 inuersa
1715 4586 1797 4654 ruunt.

1196 4690 1330 4765 lpitursi]
1345 4691 1493 4746 llemururc
1509 4686 1600 4755 incipit
1617 4683 1686 4737 boun
1700 4680 1793 4735 Bnetio
1806 4692 1953 4733 ctmmnnm

1149 4793 1274 4861 reliqua.

1198 4879 1370 4952 btutnrtustt
1387 4880 1452 4938 bun.

1196 4973 1283 5047 Atqtri]
1301 4974 1365 5028 suo.

1197 5065 1349 5135 incolomis!
1362 5065 1470 5120 Salvus.

1196 5158 1364 5230 Symmachus
1375 5153 1456 5222 soceri
1474 5153 1522 5207 ttic
1533 5152 1608 5204 locos
1622 5145 1738 5204 dilucide
1752 5145 1873 5200 ostendit
1888 5142 1954 5194 ltue-

1161 5253 1227 5305 tium
1239 5250 1375 5319 aliquanto
1389 5261 1414 5315 pu
1422 5247 1463 5299 ius
1474 5245 1501 5298 in
1512 5241 1634 5297 exsilium
1645 5238 1729 5295 luisse
1737 5236 1848 5293 missum
1872 5246 1955 5304 quam

1160 5341 1336 5415 Symntocbus
1362 5337 1421 5407 eins
1435 5350 1513 5391 socer
1538 5332 1619 5389 luerit
1639 5340 1745 5400 canutus,
1765 5336 1794 5383 et
1806 5328 1833 5381 in
1848 5323 1954 5380 vincula

1162 5433 1298 5501 conjectus
1312 5444 1365 5499 uuo
1382 5439 1501 5494 tempore
1513 5420 1665 5491 composuit
1676 5419 1727 5474 ltoc
1740 5415 1860 5472 ditinum
1874 5427 1954 5483 opus.

1164 5524 1223 5581 Fuit
1236 5533 1324 5576 autem
1335 5506 1564 5588 iticSymtnacbos
1574 5515 1613 5568 air
1626 5512 1692 5567 diser
1700 5511 1830 5573 tissimus,
1843 5518 1872 5562 et
1882 5521 1955 5561 sum-

1163 5616 1213 5673 tuis
1227 5621 1337 5668 ornatus
1352 5600 1510 5673 virtutibus,
1525 5607 1570 5676 ιμιῑ
1591 5606 1685 5661 boetio
1709 5612 1783 5671 patre
1796 5602 1904 5667 oritato,
1920 5597 1955 5650 ob

1106 5732 1111 5741 v
1163 5705 1363 5777 ejussummttm
1379 5698 1515 5771 ingenium
1531 5708 1557 5753 et
1571 5695 1699 5765 optimam
1713 5691 1843 5751 indolem,
1863 5688 1952 5743 ilusti·
