4188 6258
308 340 360 399 rao
614 284 647 305 ⁷
830 332 833 339 ·
866 333 1002 391 rusoutr
1022 332 1174 395 ersoorr
1193 333 1383 393 rrcrnnrtsts
1888 332 1944 388 seo

309 462 428 512 romanet
448 454 541 512 stricta
555 450 715 510 insinuatio.
734 448 917 521 Propinquunr
941 450 975 524 ad
988 458 1015 505 te
1032 463 1098 504 con·
1112 454 1141 511 A
1152 451 1305 520 expendere
1315 451 1419 523 origine
1432 451 1567 524 serpentis
1580 448 1672 514 rituli,
1689 448 1734 519 qai
1753 446 1895 516 scalpente
1909 451 1942 507 ru

310 545 485 618 sanguineus,
509 546 606 602 orbum
632 544 789 616 parentibus
811 542 954 616 religiosus
978 541 1101 599 exhibui.
1153 541 1238 612 ipsunt
1248 553 1347 600 terram
1356 543 1448 616 ungue
1458 545 1624 615 perducitur,
1638 541 1700 611 qrrid
1712 543 1748 598 sit
1756 541 1816 613 ejus
1824 543 1852 598 in
1860 559 1945 602 meunt

312 639 378 707 Quae
392 654 436 696 res
450 638 515 694 mibi
526 637 651 695 adamum
666 639 742 708 pueri
756 635 935 707 iacientium
949 637 1058 693 tenetis.
1073 635 1103 694 sl
1153 632 1284 690 collectus
1302 633 1406 702 alueus,
1421 635 1486 706 quid
1503 636 1539 694 sit
1554 634 1599 690 ubi
1613 632 1734 690 nascitur
1754 629 1904 702 estimare,
1917 644 1947 694 et

262 751 273 765 ‘¹
309 730 481 789 necessitudo
495 729 648 801 respicitur,
662 728 731 785 liber
744 730 779 785 ab
791 742 884 786 amore
897 743 959 785 csse
971 744 1024 785 uon
1036 718 1101 800 pos·
1155 725 1228 781 utres
1248 723 1368 782 fluminis
1383 740 1438 781 non
1457 725 1491 782 de
1505 728 1548 785 luis
1561 739 1621 797 quc
1635 722 1750 794 accepit,
1765 724 1814 780 sed
1831 724 1867 781 dc
1888 724 1945 785 illis

273 810 277 818 ’
309 837 368 878 surn
385 821 426 877 :si
441 822 527 891 pletas
541 820 625 876 amica
639 821 788 891 proposito,
810 821 894 877 nostri
909 820 978 876 iluut
992 820 1040 877 lilii
1055 821 1102 891 qul
1153 831 1214 884 quae
1225 816 1313 885 potuit
1323 817 1474 887 accepisse,
1495 816 1633 888 colligere.
1646 814 1793 882 Quorsum,
1805 818 1947 875 reiterabi-

308 921 451 983 parerttum
471 927 582 971 suorum
600 913 724 984 presidio
740 913 921 969 denudantur.
938 912 1025 969 linum
1036 927 1101 984 ergo
1153 909 1187 967 lls
1197 910 1336 981 magister,
1353 910 1488 967 libertatis
1502 909 1592 978 index,
1608 909 1672 967 boni
1688 910 1871 967 testinroniunt
1883 926 1948 969 san-

307 1003 445 1060 rinculum
459 1003 562 1060 renita
583 1004 708 1075 prosapie
723 1022 730 1058 c
746 1004 800 1059 aliu
818 1018 868 1060 nos
883 1004 1027 1075 adstringit
1039 1003 1101 1061 oltt·
1152 1002 1252 1074 guinis,
1276 1004 1446 1073 ingeniorum
1467 1004 1543 1071 lima,
1562 1002 1707 1062 labricutor
1727 1017 1865 1071 sensuum,
1887 1004 1948 1063 bec

307 1095 390 1153 cium.
415 1096 540 1168 Respice,
567 1097 731 1154 uenerabilis
755 1098 892 1169 magister,
917 1107 956 1154 tnt
977 1114 1027 1170 pro
1049 1102 1102 1155 lsto
1152 1094 1234 1152 rerba
1248 1095 1437 1166 praemiserim,
1452 1096 1476 1153 si
1491 1095 1685 1168 requiras;ruc
1699 1095 1863 1153 melocutus
1873 1113 1947 1163 sum,

307 1187 444 1259 supplices
458 1203 565 1256 manus,
581 1200 609 1246 et
623 1189 649 1244 in
665 1203 713 1258 spe
724 1189 828 1260 paruuli
843 1190 958 1259 majores
973 1192 1043 1259 eius,
1057 1203 1103 1247 mc
1153 1186 1249 1257 lateor,
1265 1203 1308 1246 mc
1327 1188 1426 1261 digessi
1444 1204 1546 1263 rquem
1571 1189 1643 1245 inter
1661 1189 1774 1245 inscitie
1787 1189 1948 1247 dormientis

308 1291 390 1352 teque
402 1283 555 1341 considera.
569 1282 661 1340 Genus
672 1293 714 1341 e‘st
724 1282 859 1353 singulare
872 1284 958 1341 laudis
972 1285 999 1338 in
1009 1284 1103 1339 docto-
1152 1279 1292 1337 infantiam
1306 1282 1499 1353 occupationes
1513 1281 1595 1338 rarle
1608 1291 1637 1337 et
1650 1281 1758 1338 tristitia
1771 1281 1848 1337 fortis
1861 1281 1948 1352 impe·

306 1376 394 1443 sibus,
415 1376 539 1448 discipuli
555 1376 683 1434 eruditio.
705 1376 819 1432 eebitlls
833 1376 922 1445 lingua
937 1373 1039 1432 Cbiron
1062 1374 1103 1429 in·
1153 1373 1223 1429 ritiae
1241 1382 1328 1431 mater
1342 1374 1478 1446 oppressit
1494 1376 1627 1431 :coinon
1645 1374 1727 1430 datur
1739 1373 1816 1430 duris
1838 1374 1948 1432 solrcre

307 1471 396 1527 notuit
410 1487 419 1532 ;
435 1470 497 1527 lecit
511 1471 635 1543 sequacis
650 1470 777 1526 meritum
790 1469 948 1540 opinionem
959 1468 1032 1523 illius
1042 1466 1102 1538 plus
1152 1469 1222 1525 colla
1236 1468 1385 1535 laboribus,
1397 1479 1428 1526 ut
1438 1469 1589 1526 studiorum
1601 1469 1700 1540 lupatrs
1713 1483 1761 1526 ora
1772 1467 1946 1526 decorentur.
2014 1474 2023 1481 ‘

308 1562 404 1629 amari,
416 1561 493 1632 cuius
506 1575 555 1633 per
573 1576 603 1617 se
615 1562 685 1618 torte
698 1561 822 1618 iucundis
842 1562 868 1616 in
884 1560 971 1616 lucem
986 1573 1039 1614 nou
1053 1572 1103 1629 po·
1152 1560 1227 1617 ileus
1247 1576 1338 1618 sermo
1350 1562 1421 1633 quod
1443 1562 1540 1617 scaber
1553 1568 1606 1629 cst,
1624 1570 1653 1616 et
1665 1559 1740 1616 nullo
1753 1559 1948 1632 splendescens
1976 1550 1980 1555 “

308 1653 405 1710 tuisaet
426 1653 513 1711 exire.
539 1654 614 1710 Maro
629 1661 719 1710 uester
741 1653 823 1708 tentia
845 1652 1015 1707 institutores
1037 1662 1102 1705 suos
1152 1651 1280 1710 dictionis
1302 1654 1407 1722 attritu,
1422 1653 1608 1725 intelligentie
1627 1661 1670 1709 cst
1689 1661 1718 1709 et
1736 1651 1860 1710 exercitii
1874 1651 1946 1724 quod

307 1744 516 1813 commendauit,
532 1744 639 1816 quantis
654 1746 713 1814 lpse
732 1752 813 1800 notus
834 1755 877 1800 est
893 1740 1102 1802 :etcerteillos
1152 1745 1273 1802 dedisco.
1296 1746 1336 1803 Te
1359 1748 1430 1804 inter
1456 1748 1582 1818 palestra
1608 1755 1651 1802 tua
1677 1744 1821 1816 originaria
1848 1745 1948 1818 lingue
1999 1770 2004 1775 ·

307 1853 357 1907 per
367 1837 463 1894 merita
476 1850 526 1892 sua
545 1837 616 1893 iarua
631 1851 684 1893 non
705 1838 834 1908 prodidit.
851 1839 1030 1913 Hieronymus
1051 1861 1101 1903 nn.
1117 1825 1241 1909 Bpulma
1261 1838 1389 1894 sollicitat
1404 1857 1410 1892 :
1427 1847 1454 1895 te
1466 1839 1537 1895 inter
1558 1839 1643 1903 ciues,
1658 1837 1712 1894 mei
1727 1840 1879 1904 immemor,
1901 1853 1949 1893 su-

307 1938 376 1997 ster,
392 1928 444 1984 nisi
458 1936 652 1999 preceptorem
663 1943 740 1985 suum
755 1930 1040 2005 Gregoriumdiocrct,
1054 1937 1102 1994 illo
1154 1932 1236 2001 pcrba
1252 1930 1333 1988 lictus
1352 1942 1522 1988 annumerat.
1543 1930 1584 1986 Tu
1607 1929 1718 1987 castelli
1733 1929 1844 2002 gurgitis
1858 1929 1949 1988 lautus

306 2022 405 2079 melior
414 2030 572 2081 censeretur
588 2022 655 2080 :sed
670 2024 710 2081 illl
724 2025 883 2097 applicanda
896 2037 959 2083 sunt
972 2029 1101 2087 bonane·
1153 2039 1295 2095 possessor
1315 2025 1435 2090 incedis;
1451 2033 1479 2081 ct
1493 2039 1544 2097 ego
1564 2026 1614 2079 ria
1634 2023 1775 2081 arentibus
1791 2023 1867 2080 labiis
1886 2024 1949 2080 stil-

307 2119 422 2187 minati,
450 2134 544 2191 aquo
573 2119 724 2191 sumpsisse
747 2118 872 2175 ridentur
897 2122 1040 2193 originem,
1071 2123 1102 2181 tn
1154 2114 1253 2174 lentem
1272 2127 1375 2188 guttam
1388 2116 1500 2173 marcidi
1514 2116 1626 2189 liquoris
1651 2116 1774 2172 irriundo.
1789 2115 1829 2173 Te
1849 2115 1950 2174 sudoro

307 2224 425 2282 summa,
440 2219 469 2268 ut
479 2210 547 2277 diui,
562 2211 664 2269 culum
674 2212 763 2281 pulsat
776 2212 897 2282 magistri
908 2213 1003 2283 opinio
1013 2213 1103 2285 perle-
1153 2210 1292 2277 continuo,
1308 2209 1381 2265 nulla
1395 2207 1554 2265 diversitate
1575 2208 1779 2281 interpellante,
1796 2216 1888 2279 utpote
1902 2222 1949 2266 co·

307 2304 396 2361 ctione
409 2303 546 2375 discipuli.
570 2302 648 2374 Apud
671 2303 802 2360 scientem
817 2318 908 2359 rerum
929 2320 983 2361 nou
1003 2306 1103 2376 objicio
1154 2300 1245 2356 ionum
1260 2314 1348 2368 strum,
1372 2300 1504 2357 doctrinm
1530 2301 1797 2372 messlsaurpliileat.
1820 2300 1943 2357 ututur

250 2448 260 2467 x
307 2396 486 2466 oblivionem,
501 2397 564 2469 quia
576 2406 639 2454 uota
653 2412 837 2455 commemoro
848 2416 856 2454 r
867 2414 947 2455 arara
964 2411 1027 2458 sunt
1040 2410 1102 2459 rete
1153 2386 1199 2449 riu
1215 2391 1249 2447 (ie
1263 2406 1419 2464 magnorum
1435 2392 1541 2449 horreis
1562 2406 1665 2465 pauper
1679 2391 1755 2450 luseli
1776 2406 1839 2449 esca
1854 2392 1947 2464 porri-

309 2488 481 2561 diligcntum.
496 2489 583 2559 Deum
596 2503 705 2561 prcosr,
722 2500 751 2546 ut
765 2490 862 2547 studiis
876 2493 1101 2564 restrisgratiam
1153 2489 1236 2559 gitur.
1258 2487 1299 2544 Tu
1313 2487 1340 2543 iu
1360 2488 1586 2546 sustentationem
1609 2482 1722 2544 ruituroe'
1737 2486 1870 2545 libertatis
1884 2488 1950 2545 ielis

308 2582 525 2641 suamcemitem
544 2583 648 2655 iungat,
665 2594 695 2639 ut
709 2598 778 2656 quos
792 2600 807 2640 a
821 2600 865 2641 ure
878 2584 1012 2644 limandos
1026 2601 1104 2644 accc·
1154 2581 1266 2639 dextera
1290 2580 1447 2653 subrogaris
1471 2598 1479 2637 c
1504 2595 1549 2638 nte
1577 2580 1707 2638 Ecclesia
1729 2582 1844 2653 angulus
1864 2583 1949 2638 etiarn

309 2676 387 2747 pisti,
399 2675 567 2735 doctissimos
582 2677 681 2735 reddas
698 2686 746 2734 :et
760 2679 866 2735 illorum
881 2680 998 2736 eruditio
1011 2688 1103 2738 restra
1153 2673 1224 2730 b0nt
1248 2683 1413 2731 metuentem
1438 2672 1530 2729 tetuli
1554 2675 1695 2743 presentis
1717 2673 1839 2730 includit.
1861 2675 1944 2742 Quid.

310 2767 418 2841 quidem
433 2768 532 2841 gloria,
544 2768 592 2827 sed
604 2785 693 2826 meum
709 2771 843 2827 elliciatur
857 2771 1029 2844 obsequium.
1154 2783 1232 2839 rogo,
1256 2768 1342 2823 risum
1364 2776 1406 2823 est
1419 2766 1520 2823 dudum
1534 2767 1649 2838 insignia
1664 2767 1825 2839 eloquentie
1840 2776 1902 2851 tum·
1919 2769 1947 2823 in

447 2879 451 2887 ·
539 2910 545 2921 ,
619 2860 730 2918 brello
749 2861 796 2918 lx.
1156 2875 1200 2916 rue
1225 2868 1280 2915 tam
1299 2859 1378 2931 longe
1396 2859 1515 2931 positum
1538 2860 1632 2916 oculos
1653 2858 1806 2916 destinaret
1830 2858 1950 2917 Fuerrrnt

328 2951 337 2986 ⁸
352 2950 479 3024 Prcfotic
488 2952 594 3024 quondo
608 2954 702 3010 Arotm
718 2955 877 3010 auditorium
890 2955 1021 3028 ingressus
1036 2963 1084 3012 ost.
1115 2951 1119 2960 '
1155 2952 1241 3024 turgis
1260 2950 1317 3017 alii,
1330 2965 1400 3024 quoa
1413 2951 1539 3008 dictionis
1554 2960 1608 3009 tuoe
1620 2961 1782 3009 ornamenta
1801 2967 1949 3025 cotnpoue-

449 3054 453 3061 '
552 3062 728 3105 scnoutsrrcu
747 3065 856 3106 rsnrrt.
1154 3054 1227 3114 rent,
1240 3044 1337 3114 quibus
1352 3044 1497 3103 uerborum
1511 3045 1629 3114 plralerre
1644 3060 1694 3118 per
1704 3045 1823 3103 Latiales
1837 3047 1948 3118 elegan-

343 3137 442 3194 ttotun
462 3141 567 3197 eunetis
579 3140 649 3197 bene
662 3142 832 3211 merentibus,
847 3143 920 3213 quod
936 3143 1043 3201 dicendi
1059 3147 1101 3201 ta·
1155 3137 1208 3194 tias
1220 3137 1359 3209 acquisita
1373 3136 1507 3193 victurum
1527 3144 1556 3194 et
1571 3135 1642 3208 apud
1658 3146 1784 3208 posteros
1798 3153 1896 3195 uunrcu
1908 3139 1950 3196 ot·

309 3227 404 3285 borem
419 3233 589 3300 negotiorum
606 3230 680 3288 terior
693 3234 809 3304 pariant,
824 3241 853 3290 et
861 3236 1008 3294 eliminatis
1022 3252 1101 3294 cura·
1155 3228 1268 3285 ferrent»
1285 3228 1327 3285 Μθ
1342 3228 1423 3285 tttttt
1436 3227 1523 3285 teneti
1538 3237 1641 3284 tillium
1654 3230 1780 3286 conuenit
1797 3229 1893 3287 affectu
1904 3230 1949 3287 di·

309 3333 370 3375 rum
386 3321 512 3390 procellis
525 3321 678 3376 orationuru
694 3337 791 3378 serena
811 3324 872 3394 plut
887 3325 1008 3383 rutilent.
1026 3328 1104 3386 biens
1155 3322 1207 3378 titt
1222 3321 1352 3390 imparem
1368 3328 1397 3378 et
1410 3321 1509 3376 (illiciis
1523 3330 1732 3390 sequestratum.
1746 3321 1816 3390 Quid
1836 3323 1951 3395 erigeris

223 3427 224 3431 ¹
309 3422 389 3465 suurn
411 3409 529 3480 ingenia,
555 3408 607 3466 nisi
631 3412 836 3483 occupationem
856 3415 963 3472 nebulis
990 3416 1103 3487 luscam,
1155 3412 1261 3468 animos
1275 3427 1344 3482 quos
1366 3414 1435 3468 alter
1453 3411 1509 3479 ianr
1533 3412 1585 3469 sibi
1600 3413 1664 3468 ritae
1687 3413 1754 3470 ordo
1776 3414 1951 3473 subdidercti

309 3517 364 3558 non
392 3502 508 3573 perdunt
523 3503 740 3561 :sententiarum
752 3503 835 3577 jubar
855 3521 920 3563 cura
942 3522 1041 3567 uacuos
1062 3526 1105 3569 re-
1155 3503 1225 3571 Quid
1240 3503 1275 3561 ad
1290 3512 1316 3561 te
1326 3504 1463 3562 revocaris
1478 3504 1621 3577 perlonga
1636 3506 1732 3563 iterum
1752 3506 1893 3565 interualla
1908 3509 1950 3566 di-

308 3594 444 3664 spicit„ct
456 3595 596 3665 expeditus
616 3595 722 3652 suimus
738 3597 964 3657 declamationum
979 3618 1104 3673 pompam
1155 3607 1272 3655 stantem
1297 3597 1445 3662 bominem,
1461 3598 1532 3669 apud
1554 3612 1633 3669 quent
1655 3601 1727 3657 sieut
1745 3600 1820 3657 netas
1834 3612 1877 3658 cst
1893 3618 1950 3660 non

309 3684 492 3742 commendat.
507 3685 559 3754 Qui
582 3701 653 3743 ceca
668 3688 751 3746 remis
776 3692 935 3748 temerarius
952 3694 1020 3751 treta
1035 3711 1104 3766 pro·
1156 3692 1289 3748 meruisse
1308 3691 1422 3759 landari,
1445 3691 1482 3747 ita
1504 3690 1606 3749 crimen
1621 3691 1705 3751 luisse
1723 3691 1878 3750 trudatumi
1890 3695 1950 3754 Tua

309 3775 420 3841 minuit,
437 3776 537 3834 nudum
551 3777 733 3836 sollieitudine
746 3780 938 3851 gubernaculis
952 3794 1047 3856 pertus
1060 3802 1106 3844 ae·
1155 3790 1228 3849 sunt,
1244 3790 1301 3852 rua,
1324 3797 1358 3839 ηε
1371 3781 1476 3848 dulrira,
1498 3792 1665 3850 aureorum,
1684 3783 1707 3840 st
1721 3792 1810 3839 rnrrrrn
1832 3785 1948 3842 tnrenrrr

310 3869 466 3925 commodat
488 3878 538 3926 :et
558 3870 628 3927 clari
650 3872 771 3943 regimen
792 3873 850 3929 sola
873 3888 927 3947 qua
947 3878 1105 3949 magistrum
1158 3876 1296 3948 potuerint
1318 3876 1365 3948 qui
1377 3884 1535 3946 sequuntur.
1547 3876 1588 3931 llll
1602 3875 1832 3933 adolescentulum
1846 3885 1948 3945 mnren,

309 3959 388 4015 uaris
407 3959 545 4029 contenit,
562 3962 734 4033 inquisitione
745 3965 898 4035 perpendit.
911 3966 987 4025 Tunc
1008 3975 1104 4039 stupea
1156 3982 1235 4039 quem
1250 3967 1392 4039 praesentia
1405 3966 1458 4024 diei
1472 3967 1614 4025 audrtoriis
1635 3969 1687 4026 tuis
1709 3969 1829 4041 auspicia
1843 3969 1953 4027 dedica-

312 4055 342 4111 in
356 4065 452 4111 ventos
476 4070 510 4111 er
529 4064 592 4111 soto
611 4053 689 4112 irena
711 4055 836 4112 laxantur
851 4073 859 4112 r
875 4067 939 4115 tunc
959 4060 1103 4117 rudentum
1156 4067 1230 4125 runt,
1246 4073 1307 4115 curu
1321 4074 1376 4131 quo
1390 4059 1456 4116 milri
1468 4059 1547 4131 parili
1560 4059 1672 4117 intarrtia
1684 4062 1822 4129 conuenit,
1836 4063 1858 4116 si
1872 4064 1952 4119 uenia

309 4149 426 4205 vinculis
446 4148 493 4205 diu
509 4149 593 4206 libera
610 4151 696 4207 maria
714 4151 879 4219 vinciuntur,
903 4161 931 4209 et
949 4153 1104 4225 imperiosis
1156 4165 1201 4209 me
1213 4152 1330 4217 donatia,
1345 4150 1430 4209 rerba
1444 4159 1585 4208 concerto.
1598 4150 1681 4221 liuius
1696 4150 1844 4222 primordia
1853 4168 1963 4223 quarm.

309 4240 442 4297 undarum
470 4240 586 4298 cumulis
610 4240 693 4298 bomo
720 4242 908 4301 dominaturus
936 4243 1104 4316 ingreditur,
1157 4245 1198 4300 ris
1213 4243 1374 4302 iniabricato
1386 4258 1513 4302 sermone
1527 4245 1954 4318 commendem,inrperiisareo·

308 4335 413 4390 riarum
426 4334 528 4390 incerta
541 4335 622 4392 astris
636 4334 838 4395 recludentibus
856 4340 1011 4412 agniturus.
1026 4339 1104 4400 'i'unc
1156 4336 1196 4392 rit
1209 4350 1336 4393 excusor·
1353 4335 1410 4394 Sub
1427 4335 1520 4408 iteum
1533 4335 1650 4393 mittitur
1662 4336 1815 4394 dilectionis
1832 4339 1954 4395 necessi·

308 4427 511 4500 Pbospborum,
527 4428 660 4499 Pleiadas,
672 4431 850 4503 Cynosuram,
866 4445 895 4490 et
908 4432 1037 4506 quidquid
1053 4435 1105 4492 iter
1159 4438 1215 4487 tate
1232 4431 1372 4487 constricti
1389 4448 1396 4485 :
1411 4437 1439 4487 et
1453 4428 1516 4486 dum
1535 4430 1608 4488 caris
1620 4430 1810 4503 prospicimus,
1823 4431 1887 4502 quid
1901 4445 1953 4487 nos
1987 4445 1990 4449 ·

308 4531 444 4579 monstrat
463 4524 621 4595 inspiciens,
635 4524 670 4580 ad
684 4525 747 4582 coeli
761 4525 870 4582 ductum
886 4527 965 4584 callis
985 4528 1104 4584 bominis
1157 4522 1254 4580 deceat
1272 4537 1325 4579 non
1345 4521 1479 4579 ridemus.
1504 4521 1580 4579 llunc
1592 4523 1656 4580 lieet
1677 4532 1788 4595 paterno
1814 4522 1955 4583 debuisset

308 4615 464 4683 ordinatum
479 4617 502 4672 si
514 4624 605 4674 lernen
620 4632 698 4674 mens
709 4618 785 4674 nullo
796 4627 933 4675 extranee
946 4620 1103 4692 occupatio·
1116 4577 1244 4673 Duratio
1258 4616 1383 4688 prosequi
1397 4635 1404 4671 :
1416 4624 1525 4673 nonest
1537 4626 1626 4673 tamen
1641 4626 1745 4696 epatre
1759 4617 1847 4673 aliena
1869 4632 1953 4689 quam

308 4708 353 4766 tris
373 4710 531 4767 mordeatur
554 4712 700 4784 ambiguo;
720 4726 771 4769 nee
790 4711 1008 4785 peregrinantem
1032 4715 1104 4771 nori.
1157 4709 1279 4780 porrigo.
1295 4707 1394 4764 Debuit
1407 4708 1465 4776 tibi,
1481 4718 1580 4775 nracte,
1599 4708 1750 4766 orationem
1773 4709 1905 4781 professio
1924 4720 1955 4766 et

308 4800 374 4854 tiam
394 4803 643 4872 magisteriumque
666 4819 769 4862 mrernr
790 4805 903 4877 allligat.
927 4808 1004 4876 Quod
1018 4806 1042 4863 si
1057 4816 1103 4864 aut
1156 4816 1228 4859 mea.
1243 4799 1319 4858 Felix
1333 4800 1403 4857 istud
1415 4800 1534 4857 nominis
1545 4800 1615 4871 apud
1631 4801 1726 4857 doctos
1738 4801 1900 4875 apspicium,
1912 4801 1955 4856 di·

307 4891 386 4961 pigro
397 4901 507 4962 torpore
526 4895 668 4953 hebetatus
680 4896 788 4953 animus
803 4895 930 4968 dormiat,
948 4907 994 4955 uut
1007 4899 1103 4956 direr-
1156 4893 1238 4949 tundo
1252 4891 1374 4949 scientim
1390 4891 1514 4963 frugibus
1527 4891 1648 4950 laborem
1663 4891 1734 4948 circa
1752 4891 1841 4948 studia
1858 4907 1955 4949 treces-

307 4980 347 5037 sis
360 4983 481 5040 excitans
495 4987 611 5044 stimulis
622 5004 669 5060 per
681 4989 759 5047 deria
774 4988 951 5059 distrahatur,
965 4993 1053 5049 nescit
1067 4993 1101 5049 ad
1156 4984 1259 5040 titium
1276 4983 1409 5054 ltttmlifii
1423 4993 1451 5040 θῑ
1462 4985 1581 5041 nomine.
1595 4982 1690 5050 Ftssdt·
1703 4982 1861 5042 adolescens
1873 4998 1955 5055 ogre·

308 5072 477 5144 propositum
499 5089 576 5132 suum
605 5088 677 5135 totus
698 5095 854 5148 occurrere,
877 5079 956 5151 cujus
981 5082 1101 5138 membru
1159 5077 1212 5149 gie,
1230 5078 1370 5149 pinguium
1383 5076 1465 5132 dorsa
1478 5085 1609 5133 terrarum
1626 5076 1774 5147 :imprime
1788 5077 1896 5134 denteru
1908 5093 1957 5133 ro·

308 5163 461 5237 prudentiae
481 5164 578 5223 lanista
601 5170 753 5228 animarum
778 5187 841 5229 cura
856 5171 996 5245 discerpit.
1013 5172 1103 5229 lnelll·
1158 5168 1242 5227 uteris
1264 5168 1369 5226 nouella
1389 5167 1478 5225 adbuc
1499 5167 1595 5225 incude
1617 5169 1782 5230 iormatum:
1806 5184 1903 5227 exerce
1926 5169 1956 5227 in

307 5271 357 5315 css
375 5272 485 5329 semper
497 5266 549 5326 est,
565 5267 619 5315 eta
636 5262 714 5318 molis
733 5278 791 5320 sure
805 5263 959 5321 valetudine
973 5264 1103 5322 dissocia·
1157 5266 1311 5323 studiorum
1338 5266 1399 5323 solo
1422 5264 1548 5337 quidquid
1570 5266 1704 5338 optimurn
1718 5268 1845 5324 contenit
1866 5275 1957 5322 arato-

306 5358 352 5408 tus
365 5350 527 5419 ostenditur,
541 5352 586 5423 qui
600 5368 653 5409 non
669 5363 768 5424 potest,
779 5366 898 5429 quantus
913 5365 965 5427 est,
982 5372 1034 5414 una
1047 5368 1102 5416 tro·
1158 5375 1231 5419 reut.
1254 5359 1284 5417 Si
1302 5367 1439 5417 scrutatus
1455 5360 1562 5430 penitus
1581 5360 1666 5417 tueris
1689 5360 1831 5419 latentium
1849 5369 1956 5418 secreta

307 5451 428 5502 ctuluum
443 5445 529 5502 lorma
548 5455 710 5503 monstrare.
725 5447 775 5505 Est
796 5458 886 5506 tamon
901 5451 965 5507 boui
978 5451 1100 5509 doctoris
1157 5466 1329 5524 camporum,
1351 5449 1474 5509 invenies
1495 5450 1550 5508 lrlic
1567 5450 1734 5520 beutcrium,
1759 5453 1805 5526 qui
1831 5452 1958 5510 urbertate

343 5602 352 5633 ¹
368 5601 494 5691 Pretorio
513 5606 617 5679 quondo
645 5606 741 5663 Arotor
761 5608 934 5686 auditorium]
956 5609 1021 5670 tlec
1048 5619 1103 5669 tota
1161 5609 1224 5681 quia
1243 5616 1279 5691 ,ut
1292 5606 1326 5664 ad
1346 5606 1474 5679 epistolas
1491 5594 1666 5666 obsecratum
1684 5617 1738 5677 est,
1762 5609 1861 5666 Arator
1877 5618 1957 5666 extra

305 5686 381 5756 ntrrrc
393 5691 508 5745 prrmum
522 5680 550 5734 in
564 5678 652 5735 lucent
670 5689 746 5737 eruta
761 5695 794 5747 eu
811 5682 1001 5751 manuscriptis
1014 5700 1021 5737 ε
1034 5684 1102 5741 scri·
1160 5680 1298 5751 Liguriam
1318 5694 1373 5734 non
1396 5677 1499 5734 studuit
1513 5695 1522 5735 t
1538 5690 1566 5736 et
1588 5695 1650 5752 quac
1664 5679 1699 5737 dc
1712 5681 1841 5738 berterio
1854 5683 1955 5750 passim

305 5750 698 5893 ptzdtg‘arffiagasffiplnlgssorgh
701 5752 929 5889 effitnrnglffirgia
931 5754 1101 5838 grammatici
1147 5748 1385 5884 'mcilggfflrtuffl
1406 5747 1598 5819 blediclanunr,
1619 5749 1664 5807 ubi
1685 5751 1806 5809 soboianr
1826 5751 1955 5811 babebat.

310 5847 411 5871 .....
490 5834 496 5872 r
598 5880 601 5884 ,
693 5840 800 5895 14ιι.
932 5840 1099 5897 utinquam,
1381 5858 1389 5876 ·
