4274 6254
336 385 387 442 559
984 384 1039 441 ult.
1058 385 1160 443 ttnttta
1180 384 1255 443 SEV.
1275 385 1428 442 ubertus.
1908 383 1962 439 5⁴⁰

336 501 370 554 od
380 502 543 574 aopbiatlcen‚
555 517 606 573 ana
616 501 656 557 illi
666 499 832 565 excellebant,
847 499 992 554 accedebat.
1010 498 1034 556 tl
1037 510 1047 555 t
1059 502 1200 569 emuniit,
1212 501 1281 574 qaod
1291 503 1367 572 culpa
1376 500 1481 568 dicitur,
1493 498 1602 555 Tantum
1612 499 1719 571 quiaque
1728 498 1828 570 prebat,
1838 513 1872 567 qu
1889 509 1962 552 nturu

335 609 362 646 aa
370 593 471 661 maeaui
480 603 562 662 putat.
574 592 677 647 trama
694 593 770 648 etlam
780 591 829 647 boc
847 607 893 646 cur
901 591 984 662 maala
991 592 1032 645 bic
1043 602 1142 658 auctor,
1153 593 1212 648 aliia
1221 594 1321 650 emmila
1329 594 1474 649 auctoribua
1482 608 1561 663 prope
1567 591 1752 657 malentibua,
1761 590 1964 646 inbarbarorum

336 682 452 737 »uambae
465 683 582 747 boeaerit,
594 682 663 754 quod
677 690 748 738 tanta
757 682 830 737 docet
839 680 981 755 dilipentia,
993 691 1021 736 ut
1037 683 1116 738 nimia
1130 684 1185 754 eJ'ua
1198 684 1225 738 in
1242 683 1358 739 docenda
1374 684 1496 740 udulitaa
1511 684 1694 755 propemodum
1708 681 1814 747 kauri,
1826 680 1964 749 pantana

335 774 479 840 latudine,
492 775 523 828 rit
534 775 619 829 taedia.
638 773 721 846 bdtpue
734 775 760 828 in
772 774 955 845 pltiloaopltlaia
964 776 1123 847 potiralmum
1132 815 1141 842 ,
1151 785 1176 831 et
1186 776 1214 830 ln
1225 777 1421 832 matbenratiaia.
1433 775 1498 831 biam
1509 786 1591 859 mntem
1601 774 1763 831 redulitatem
1775 776 1802 830 in
1812 777 1917 831 muricia
1926 777 1964 830 rel

335 866 514 937 ‹tipicaltoaita
523 866 590 933 aicit,
601 875 628 921 ut
637 867 673 924 ibi
681 870 791 927 intaotua
799 869 885 924 multia
893 869 969 924 unia
979 868 1068 940 stadt,
1078 869 1158 923 donee
1168 869 1262 924 reniret
1273 885 1401 939 munaum
1410 870 1474 924 aatia
1484 869 1604 924 laudatur
1613 869 1651 922 air
1660 864 1824 924 Franebinua
1832 868 1963 938 Lanam„

334 958 379 1026 aui
393 957 420 1011 ln
433 973 462 1012 eo
473 956 626 1014 illustrando
635 976 757 1032 mapuutn
767 975 851 1041 opera
860 961 970 1028 pretium
984 960 1054 1032 fecit.
1072 958 1134 1014 Fuit
1143 960 1228 1015 lu'erale
1240 968 1301 1015 ante
1310 977 1391 1016 annoa
1404 959 1501 1032 dipem
1515 970 1544 1016 ut
1567 961 1658 1027 multi,
1670 962 1712 1031 aui
1728 960 1846 1017 ssuaieen
1858 962 1964 1034 profite-
2083 998 2090 1005 ·

334 1059 429 1115 rentur,
443 1066 493 1104 non
509 1051 652 1106 dubitarent
665 1052 750 1122 palam
763 1053 847 1109 dicem
863 1053 1020 1125 impartibile
1033 1068 1247 1124 maranorum
1259 1051 1344 1108 boetii
1359 1052 1475 1107 uuam
1490 1050 1646 1124 intelbipera,
1657 1052 1725 1122 aaad
1738 1052 1845 1123 inaipnia
1857 1052 1964 1123 quidam

338 1140 486 1199 Planaacua
494 1143 609 1200 Colania
627 1146 774 1219 Aprippinoe
784 1156 842 1203 ante
855 1164 934 1203 annae
943 1148 995 1213 3⁰,
1012 1164 1072 1203 curn
1085 1148 1122 1202 ibi
1143 1146 1312 1218 ptttaaapttta
1329 1164 1433 1220 operam
1448 1163 1581 1213 naamam,
1598 1145 1661 1200 nttt
1670 1144 1770 1218 objecit.
1791 1143 1867 1210 Quod
1886 1143 1909 1198 ei
1927 1145 1965 1198 ita

183 1286 187 1293 ,
281 1258 284 1263 »
334 1233 424 1301 anum,
436 1236 558 1304 puonmnr
576 1246 667 1303 prata
682 1246 804 1295 cantuum
818 1254 908 1305 muna,
920 1238 987 1293 nillil
1000 1236 1106 1307 alioaat',
1130 1237 1200 1309 auod
1217 1237 1317 1309 adrjua
1335 1236 1478 1308 diaaiplinae
1495 1238 1653 1309 majeatatarn
1670 1235 1776 1301 attinet,
1793 1233 1908 1288 babebat.
1928 1229 1965 1286 tn

333 1326 378 1392 aui
387 1325 449 1381 talea
459 1335 528 1392 aaut,
540 1329 637 1398 majora
647 1344 693 1397 per
701 1327 791 1383 batem
801 1328 937 1399 auperablio
949 1344 1135 1399 nonnunquam
1146 1331 1179 1385 de
1189 1329 1337 1385 auctaribua
1343 1330 1478 1402 judicant,
1488 1345 1565 1399 mant
1574 1328 1617 1397 aui
1627 1336 1685 1382 aaut
1695 1327 1785 1383 colonie
1794 1324 1863 1379 docti
1870 1365 1878 1391 ‚
1895 1326 1965 1394 quod

281 1422 285 1433 '
334 1413 398 1483 prata
416 1417 506 1481 dolor!
525 1433 578 1473 non
591 1417 788 1473 labactaatuna
803 1420 927 1489 camiapit
945 1418 1064 1482 munna,
1079 1419 1125 1474 aed
1144 1420 1241 1492 parairn
1260 1420 1288 1473 in
1299 1419 1375 1484 aliia,
1388 1419 1500 1474 nactam
1518 1414 1911 1487 abominamentorum
1928 1417 1965 1470 ad

333 1516 462 1560 auctorem
480 1506 564 1570 iprum
577 1507 662 1560 redeo.
680 1505 791 1579 Scripait
809 1509 889 1562 multa
898 1505 942 1561 bic
950 1522 1060 1577 auorum
1073 1508 1174 1579 capiare
1187 1508 1300 1563 meminit
1319 1506 1475 1562 Tritlremiua
1484 1507 1573 1563 abbae.
1586 1507 1650 1572 oua
1664 1506 1739 1562 bodie
1754 1505 1857 1576 quidem
1866 1513 1965 1560 auam

332 1597 416 1667 topica
426 1606 450 1649 et
472 1596 668 1662 mathematica,
680 1611 710 1651 ea
721 1597 852 1668 praecipua
865 1607 944 1667 puta,
956 1612 1001 1652 uec
1010 1596 1098 1668 pbruai
1113 1597 1223 1675 dimraa,
1236 1612 1282 1651 aaa
1298 1595 1364 1667 utyla
1378 1594 1540 1661 diaaidentia,
1554 1605 1582 1650 ut
1593 1595 1665 1650 licem
1676 1594 1747 1648 Mad
1762 1594 1866 1649 abacure
1881 1593 1966 1648 nidera

332 1701 362 1740 aa
371 1687 457 1741 annaio
466 1703 499 1742 ea
509 1704 559 1741 una
569 1688 650 1743 eciam
659 1688 774 1763 officina,
785 1699 895 1759 utraque
908 1689 1001 1756 docta,
1014 1689 1125 1754 erudita,
1137 1705 1168 1743 aa
1177 1689 1302 1743 doctrina
1314 1688 1485 1756 lideliaaimoe.
1503 1687 1541 1742 De
1553 1687 1643 1758 quibua
1655 1687 1753 1759 topica,
1768 1687 1836 1755 auod
1849 1685 1924 1739 multi
1933 1687 1965 1740 da

332 1779 365 1833 iia
379 1779 450 1834 naria
465 1779 636 1850 prodiderint,
651 1780 748 1835 indicta
764 1795 796 1835 at
811 1781 906 1836 intacta
925 1779 1104 1847 relinquimur.
1121 1777 1305 1837 tlunnariaa
1320 1773 1470 1853 uerajquae
1480 1781 1524 1838 ttta
1541 1780 1614 1837 nabla
1629 1779 1742 1851 reliquit,
1763 1780 1833 1834 amni
1851 1780 1966 1834 encomia

332 1871 483 1925 celebrando
495 1871 622 1937 uidentur,
636 1881 695 1926 aunt
706 1872 774 1926 enirn
787 1873 869 1926 multo
880 1872 1039 1944 dlpniaaima.
1059 1868 1085 1924 t:
1098 1871 1190 1942 quibua
1203 1871 1256 1927 duo
1273 1872 1312 1927 illi
1332 1872 1498 1929 eruditbaeimr'
1512 1871 1545 1926 da
1559 1871 1725 1926 Aritltmetr'ea
1745 1870 1806 1925 labri
1825 1870 1966 1938 principem

331 1964 416 2022 lacum
425 1963 514 2016 merita
523 1972 619 2030 tenent,
632 1965 777 2020 obuolutum
791 1966 894 2020 omnino
906 1982 983 2034 apua,
990 1975 1118 2039 ,mantum
1129 1967 1164 2021 ud
1176 1967 1306 2023 tbeort'cen
1316 1968 1418 2035 attinet,
1430 1967 1473 2021 rui
1482 1966 1547 2020 nibil
1556 1965 1634 2028 denti,
1644 1964 1708 2019 nibil
1718 1964 1781 2018 addi
1791 1972 1881 2033 pateat,
1895 1954 1966 2019 om'rri

331 2058 403 2120 parte
412 2059 516 2106 terram
525 2053 676 2109 rotundum.
690 2053 844 2124 Quanquam
854 2053 979 2125 Gearpiaa
994 2053 1069 2109 Valla
1079 2055 1105 2108 in
1116 2065 1263 2123 pertentare
1273 2057 1319 2111 lllo
1330 2055 1456 2111 uolumine
1467 2055 1500 2110 de
1508 2055 1583 2111 rebar
1594 2054 1722 2126 stipiendia
1731 2063 1755 2108 et
1765 2053 1922 2133 expetendiu,
1934 2069 1966 2108 ea

333 2146 464 2202 ssortiauo
474 2146 593 2217 Capella,
605 2150 768 2204 memorabile
779 2147 903 2219 quiddam
917 2149 951 2216 (ri
960 2148 1012 2203 diia
1021 2149 1118 2215 placet)
1127 2151 1239 2221 adjicere
1248 2151 1317 2204 oiaru
1328 2149 1372 2204 alt.
1388 2147 1442 2205 Sed
1453 2149 1497 2203 ille
1507 2148 1576 2202 idern
1587 2146 1712 2218 Gearplaa
1724 2161 1783 2200 mm
1795 2146 1967 2200 reconditiora

331 2240 418 2294 amnia
432 2241 459 2294 in
471 2240 637 2296 aritbnraticir
649 2256 680 2295 ea
694 2241 743 2295 broc
754 2251 859 2296 auctore
872 2241 1009 2308 nataturo,
1028 2258 1060 2295 ne
1072 2242 1152 2298 arnnal
1164 2242 1268 2313 puidam
1282 2257 1339 2296 eunr
1352 2256 1412 2295 curn
1424 2240 1549 2314 dipnitota
1562 2239 1694 2294 nominare
1706 2238 1794 2294 noluit.
1812 2237 1850 2294 tta
1864 2238 1966 2294 muricia

215 2373 222 2384 .
331 2332 397 2387 idem
409 2328 477 2388 ilico.
497 2331 539 2387 tn·
552 2333 678 2388 enimuero
696 2333 784 2388 babuit
803 2331 982 2398 liuillr'elrnoa,
999 2332 1158 2405 Bryennioa,
1173 2344 1197 2389 et
1213 2334 1299 2389 naaria
1312 2349 1377 2402 auor
1395 2332 1463 2387 alica
1478 2342 1609 2396 arctarer,
1626 2346 1678 2385 non
1690 2329 1829 2384 admodum
1842 2327 1967 2392 celebrer,

330 2420 436 2477 bloetiua
450 2424 477 2477 in
492 2423 582 2477 merita
596 2423 787 2477 nomenclatura
803 2422 887 2477 locum
905 2423 976 2489 apud
988 2439 1046 2478 eum
1059 2440 1111 2478 non
1126 2423 1233 2489 babuit,
1252 2438 1309 2477 cunt
1322 2421 1446 2494 quidquid
1462 2420 1552 2476 aalide
1563 2419 1714 2474 auditionis
1728 2418 1756 2475 in
1769 2418 1873 2473 muricia
1886 2416 1965 2474 Geor.

335 2507 410 2564 latta
424 2510 522 2580 prodit,
535 2518 666 2577 occeptum
676 2509 765 2565 Boetia
778 2510 874 2577 debuit,
885 2512 983 2581 reliqua
996 2511 1152 2568 collectanea
1165 2522 1224 2567 runt
1235 2512 1332 2578 inbnia,
1348 2528 1392 2566 nec
1404 2500 1506 2575 calum,
1518 2527 1565 2566 uec
1578 2521 1673 2566 terram
1683 2510 1844 2581 altinpenlia,
1856 2511 1882 2563 iu
1898 2519 1966 2564 utra·

330 2615 378 2666 pua
391 2611 475 2655 tamen
488 2602 605 2671 quarite,
613 2600 732 2674 jucunda
747 2601 829 2668 mapia
842 2616 918 2673 quarn
933 2602 1076 2656 naceaaarba
1089 2600 1245 2669 aubtilitate,
1259 2611 1288 2656 ut
1303 2599 1404 2656 Pliniua
1417 2600 1450 2654 de
1461 2600 1575 2655 uiderunt
1589 2599 1686 2652 murico
1698 2597 1821 2668 prdidit.
1836 2597 1967 2664 Quidquid

258 2693 264 2700 '
330 2691 372 2744 laia
387 2699 472 2746 naater
484 2699 574 2746 aanor
590 2691 618 2746 in
638 2691 805 2745 aritbrnnicia
826 2707 857 2745 ac
876 2693 982 2747 muricia
999 2692 1119 2762 protulit,
1134 2694 1162 2746 id
1181 2693 1208 2747 in
1233 2696 1314 2747 tolum
1330 2692 1442 2747 ualidum
1457 2700 1505 2753 eat.
1521 2707 1552 2745 ac
1564 2690 1722 2755 danaum,
1736 2692 1922 2761 fundatumque
1933 2706 1966 2744 aa

329 2764 427 2838 ‘natata
440 2782 582 2839 nnatbeaaoa
594 2783 736 2854 principib,
751 2784 975 2856 inconcuaaunrpue
989 2785 1016 2839 in
1028 2788 1122 2840 aacala
1133 2788 1253 2849 nmneblt,

822 2875 899 2935 onam
911 2876 931 2925 ab
943 2875 1003 2925 dara
1015 2876 1091 2940 albex,
1103 2882 1145 2927 aut
1155 2884 1208 2928 utet
1219 2875 1339 2940 blarpenla
1351 2884 1447 2928 matos.

366 2953 477 3020 Quintae
488 2964 572 3010 tannen
583 2953 646 3009 liber
659 2953 692 3010 da
700 2954 807 3012 Naaicia
820 2957 884 3011 mibi
896 2957 998 3026 puidam
1015 2973 1066 3011 non
1078 2959 1177 3013 ridetur
1189 2957 1336 3024 abaolutua,
1352 2960 1450 3013 tamrtai
1465 2959 1519 3013 acio
1536 2958 1612 3013 aliter
1623 2957 1704 3012 riuum
1720 2956 1815 3021 munia
1826 2956 1879 3011 aira
1892 2954 1965 3011 iulia
2022 3020 2030 3033 .

330 3043 462 3101 blartiano
476 3046 558 3111 blata,
573 3047 617 3118 aul
627 3063 709 3119 nuper
721 3048 748 3102 in
758 3046 824 3102 burra
836 3058 965 3101 auctmem
978 3051 1102 3120 praefatur
1114 3056 1159 3103 eat.
1193 3046 1304 3113 Quicum
1318 3049 1381 3102 milri
1394 3047 1515 3120 pleraque
1528 3047 1620 3102 deboc
1632 3055 1738 3101 auctore
1752 3047 1912 3101 armenium.
1927 3046 1966 3100 Da

329 3138 428 3194 oratu
436 3141 612 3195 tantummodo
625 3136 795 3213 columinibua
809 3154 906 3210 mapna
913 3139 1040 3194 dubitatio
1052 3138 1162 3208 ridetur,
1176 3155 1222 3194 nee
1234 3140 1321 3193 adbuc
1334 3139 1411 3211 plana
1424 3139 1495 3209 apud
1504 3154 1544 3192 rua
1553 3138 1679 3203 blaburra,
1693 3138 1853 3205 aaanmnma
1866 3153 1973 3192 rneoum

328 3231 418 3297 lucter,
433 3247 533 3285 onmem
546 3247 660 3286 maneam
678 3216 799 3303 lapidem,
815 3235 926 3287 ratianea
938 3248 1025 3286 omnen
1042 3246 1142 3285 mecum
1155 3243 1259 3296 mutem,
1273 3248 1379 3296 ommno,
1394 3230 1503 3296 rabaam,
1512 3228 1635 3303 ipnoraua

820 3321 874 3381 Quo
885 3329 984 3372 teneam
996 3321 1076 3371 nultus
1087 3328 1222 3372 aratam
1233 3321 1321 3372 Protm
1333 3321 1405 3371 nobo.
1477 3378 1481 3383 ,

330 3400 364 3456 Ut
378 3412 413 3457 eat
428 3404 496 3472 apud
513 3402 630 3456 eumdem
645 3401 776 3457 b'laaeurn.
794 3402 864 3458 liam
883 3405 906 3457 ai
924 3405 952 3459 id
965 3419 1029 3473 apua
1046 3404 1080 3457 de
1089 3405 1188 3459 duabua
1211 3404 1308 3460 Cbriati
1321 3404 1465 3461 Seraatarir
1477 3406 1556 3460 noatri
1570 3407 1679 3472 natura,
1689 3413 1721 3462 ab
1734 3408 1802 3464 idam
1815 3408 1964 3464 deaanctia·

327 3493 393 3548 rinna
405 3491 532 3553 Trinitate
544 3496 599 3564 a'ua
609 3504 680 3558 rant.
695 3506 723 3551 ut
736 3498 825 3554 tbubua
842 3501 956 3570 masat,
971 3515 1017 3555 aea
1029 3501 1111 3572 uulua
1123 3515 1259 3572 repuaant,
1275 3501 1318 3573 pai
1329 3505 1427 3576 (actua
1442 3513 1479 3565 eat
1498 3513 1526 3560 ut
1547 3505 1576 3563 iu
1589 3520 1665 3577 apere
1680 3507 1725 3562 illa
1743 3508 1775 3562 da
1794 3507 1964 3581 plailoaopbr'oe

324 3581 520 3649 Canaolaiana,
531 3587 601 3657 quad
610 3587 729 3645 ultlarum
742 3592 799 3655 elur
813 3590 972 3655 natutumt,
986 3606 1047 3647 auur
1058 3594 1132 3648 totiea
1145 3597 1245 3649 arcuata
1257 3605 1340 3662 earet,
1353 3610 1385 3651 ae
1398 3596 1476 3652 nnat
1488 3598 1589 3666 onaan
1600 3598 1695 3655 cinon
1714 3601 1809 3657 mentia
1821 3602 1887 3677 piat?
1900 3600 1963 3655 Erat

327 3677 354 3729 in
366 3690 468 3731 carecta
478 3678 588 3745 optimu
598 3678 644 3733 illa
656 3680 705 3745 air,
716 3680 810 3736 dubiae
821 3681 855 3737 da
867 3682 930 3738 aito.
946 3682 1251 3753 tumultuantium
1263 3686 1558 3750 intermortuarum
1568 3688 1601 3745 tle
1615 3689 1701 3747 dunt
1714 3692 1873 3763 ptoubdmia
1885 3709 1963 3765 nepo-

329 3768 393 3821 lirun
404 3768 523 3824 olduani.
537 3767 580 3824 tta·
591 3771 624 3823 de
636 3772 713 3845 bujua
727 3773 815 3827 wculi
828 3774 937 3840 malitia,
950 3774 983 3830 de
994 3774 1107 3845 [ortunae
1120 3776 1295 3845 inatabilitate,
1310 3780 1343 3834 de
1354 3780 1480 3835 malorum
1494 3781 1626 3836 bominum
1637 3782 1664 3837 in
1677 3782 1725 3837 lroc
1737 3783 1831 3837 mundo
1843 3783 1962 3855 imperia,

328 3873 374 3925 per
388 3866 468 3912 toturn
481 3877 546 3929 apua
556 3873 717 3933 conquerere.
734 3863 767 3917 Et
784 3864 896 3931 acilicet,
914 3881 963 3919 non
978 3867 1071 3921 eratin
1085 3868 1125 3922 laia
1138 3867 1266 3940 Gloriatur,
1278 3872 1375 3925 bamini
1391 3882 1443 3926 tarn
1456 3874 1542 3939 doato,
1558 3875 1612 3928 oica
1625 3885 1677 3929 tam
1688 3874 1812 3930 bonarato
1823 3890 1855 3929 ac
1868 3876 1911 3947 pio
1921 3874 1963 3931 aab

327 3952 406 4007 umal
415 3957 605 4011 nominandae?
616 3956 743 4022 (ibriatua,
754 3957 868 4029 inquam,
880 3959 964 4013 anania
973 3960 1103 4029 patientiae
1113 3959 1268 4028 eaanrplum,
1282 3958 1362 4032 lonpi
1368 3968 1478 4037 majarea
1487 3966 1637 4037 injurianti
1648 3967 1760 4022 inimicia
1768 3982 1868 4037 paaaua.
1881 3966 1961 4032 Deua,

329 4039 465 4109 dominae,
477 4043 582 4099 Creator
595 4062 611 4099 a
625 4057 742 4101 creatura
764 4049 834 4101 cruri
846 4048 953 4118 offiano,
967 4064 1019 4104 non
1031 4059 1087 4104 erat
1099 4049 1155 4119 ille,
1169 4051 1284 4123 inquam,
1300 4053 1326 4106 in
1341 4054 1389 4107 boc
1402 4064 1456 4107 tam
1470 4055 1616 4126 aplcndido,
1631 4049 1661 4110 ul
1674 4057 1756 4111 rideri
1772 4059 1875 4124 nolunt,
1887 4074 1963 4127 opere

326 4133 517 4189 nominandae!
536 4133 592 4206 tipo
610 4137 689 4209 ipitur
699 4178 708 4205 ,
726 4148 756 4193 nt
773 4141 880 4210 inparue
897 4139 979 4213 {atur
994 4141 1023 4197 id
1034 4144 1103 4211 quad
1123 4147 1164 4199 rea'
1181 4155 1220 4205 aat
1240 4143 1300 4217 (etri
1309 4146 1365 4201 acio
1373 4161 1454 4217 quon
1462 4162 1583 4219 arapnarn
1592 4149 1657 4209 rabbi
1664 4165 1777 4205 nooman
1787 4153 1836 4205 bac
1844 4153 1962 4223 opinione

326 4221 460 4290 inuidiam,
474 4234 498 4279 et
511 4226 569 4294 plna
584 4238 661 4297 mam
671 4226 845 4298 Camerinam,
859 4231 994 4288 dicendum
1009 4243 1093 4290 tamen
1110 4243 1158 4300 ert,
1170 4238 1239 4307 quod
1254 4236 1341 4292 anirna
1354 4238 1424 4293 ardet
1437 4239 1523 4312 mea),
1544 4240 1606 4294 nribi
1624 4242 1727 4312 quidem
1746 4245 1830 4313 maala
1846 4244 1960 4315 pbiloaa·

327 4314 429 4386 pbiaum
443 4332 507 4385 optat
519 4317 618 4372 uidetur
629 4335 706 4388 paam
718 4320 904 4390 Clariatianurn,
916 4339 963 4378 nec
981 4334 1064 4381 tamen
1083 4327 1218 4400 indiprrurn
1230 4329 1299 4398 quod
1311 4345 1328 4382 a
1341 4330 1487 4385 Cbriatiaraa'
1498 4331 1598 4388 ltomiue
1610 4334 1719 4404 lepatur,
1729 4335 1774 4389 aed
1786 4337 1920 4408 indipnum
1933 4349 1961 4393 nt

329 4405 361 4459 ab
371 4420 399 4460 ao
412 4406 536 4476 acciplunt
545 4407 676 4474 araduur,
686 4406 731 4481 aui
741 4408 793 4479 ipai
803 4410 904 4471 cuttu
920 4413 984 4471 data
1002 4414 1030 4471 ln
1043 4431 1118 4475 auara
1131 4416 1281 4489 baptianata
1294 4420 1412 4486 nombre.
1423 4422 1507 4493 lpum
1524 4426 1685 4494 antumptla
1701 4426 1842 4495 μαίων.
1863 4429 1919 4484 Nec
1928 4432 1961 4486 ab

327 4498 411 4566 ipaiur
419 4499 603 4567 proscutionem
616 4500 686 4570 (nam
700 4503 760 4557 aliae
769 4515 937 4562 numerantur
946 4508 1101 4576 aamtrttada
1110 4510 1205 4582 mure)
1219 4511 1247 4567 in
1259 4528 1386 4569 umerrrn
1400 4513 1528 4581 detruaua,
1539 4534 1572 4573 ne
1580 4521 1657 4574 murel
1665 4521 1766 4588 quidem
1777 4520 1872 4577 Clariati
1881 4522 1961 4592 tactae

325 4588 487 4643 mentionem.
501 4587 562 4643 Non
573 4592 733 4661 erappcrabo
749 4610 796 4663 pro
812 4595 938 4668 dipnitota
951 4600 1098 4669 nepatlum,
1110 4602 1174 4656 antia
1185 4612 1223 4656 eat
1234 4604 1324 4659 lectari
1334 4606 1461 4662 indieaaae
1473 4609 1535 4679 auid
1552 4624 1594 4664 nae
1610 4611 1768 4683 potiaairnum
1779 4624 1885 4668 maneat.
1906 4611 1960 4669 Sed

324 4680 392 4734 erim
401 4679 434 4733 de
443 4680 604 4750 rtplonu'ana
613 4683 635 4737 ia
644 4686 750 4749 quadret
760 4702 817 4740 cum
826 4688 887 4743 aliia
897 4687 981 4744 boetii
990 4691 1193 4762 pmlndanlbua,
1199 4695 1328 4766 judicium
1338 4698 1447 4752 aliorum
1457 4708 1522 4754 rata.
1534 4698 1624 4756 llultia
1634 4718 1696 4758 rane
1704 4703 1729 4773 (e
1738 4720 1845 4773 auomrn
1854 4719 1960 4759 nummo

324 4770 689 4841 nrelaeilediaero)proaailla
700 4790 756 4828 cum
766 4777 881 4833 omnine
891 4795 942 4834 non
952 4781 1030 4835 uniur
1038 4781 1149 4837 bonriuia
1158 4799 1212 4839 eaae
1220 4785 1345 4853 uidentur,
1354 4787 1556 4862 lonqarnajorem
1564 4795 1674 4863 pralium
1683 4793 1757 4850 babet
1765 4810 1866 4852 carmen
1882 4813 1959 4866 quam

324 4859 411 4932 pejuna
421 4861 467 4913 illa
478 4876 563 4926 prora.
579 4862 655 4929 Quod
673 4864 751 4921 riarul
765 4877 840 4937 atauo
851 4870 907 4939 poia
921 4886 1006 4925 aarum
1027 4871 1175 4943 dilipentiua
1189 4876 1363 4945 perpenderit,
1381 4879 1474 4935 abolebit
1485 4896 1585 4936 menon
1600 4891 1692 4939 temere
1702 4886 1835 4951 opinatam
1849 4902 1910 4943 aare.
1925 4888 1958 4941 dt

323 4946 386 5014 quid
397 4949 509 5004 dicemur
520 4952 552 5005 de
567 4962 603 5006 tot
619 4963 677 5009 ante
696 4969 742 5009 naa
756 4957 890 5012 doctorum
908 4959 1147 5035 oiranmp'udrcial
1174 4962 1237 5029 Quia
1254 4982 1366 5036 anquam
1375 4983 1405 5022 ea
1414 4969 1446 5023 de
1456 4984 1484 5025 re
1495 4969 1636 5026 dubitauit!
1648 4988 1767 5029 omneane
1777 4977 1960 5031 caantieruntl

324 5037 385 5092 Non
395 5041 448 5096 aio.
463 5042 532 5109 Quid
545 5048 617 5102 tuml
634 5047 695 5102 Non
706 5051 862 5122 copitarunt,
874 5052 989 5123 iuquam.
1004 5055 1034 5111 Si
1044 5060 1208 5128 copitaaaent,
1222 5060 1244 5113 al
1253 5060 1423 5130 judiroaaent,
1433 5064 1456 5119 al
1465 5063 1651 5131 diaouaaiuaerrt,
1666 5067 1757 5121 meliua
1769 5066 1840 5121 nabla
1851 5081 1913 5121 rare
1926 5071 1958 5119 tt-

321 5148 392 5189 mare
401 5136 542 5203 palairaent
551 5153 562 5193 .·
571 5140 617 5195 aed
626 5156 678 5195 non
687 5143 752 5196 aenit
763 5143 790 5196 in
801 5152 920 5208 mentam,
931 5147 991 5199 aliia
1003 5150 1134 5220 occupatio
1143 5151 1305 5221 capitalibua.
1329 5154 1550 5220 Quemadmodum
1567 5150 1691 5211 et'noatra
1701 5166 1784 5222 aetate,
1796 5174 1870 5212 neura
1878 5159 1958 5229 paulo

322 5224 472 5279 eruditioris
487 5228 584 5300 judicii
602 5230 690 5295 bonta,
705 5234 889 5289 eruditiuaimar
908 5234 1161 5310 obuolutiaaimoaaue
1181 5241 1240 5296 illan
1260 5239 1406 5297 Rbetariaea
1419 5245 1454 5297 ad
1470 5243 1627 5300 Herennium
1638 5246 1716 5302 librar
1728 5246 1856 5303 Ciceronia
1869 5248 1958 5303 eaiatt-

256 5398 260 5403 ⁴
321 5318 414 5381 mabit,
432 5316 477 5372 red
490 5315 597 5374 alteriue
612 5324 757 5393 rujaapiarn
768 5325 837 5378 docti
848 5326 896 5380 riri
908 5340 938 5379 ea
952 5335 1118 5396 tempestate,
1133 5345 1191 5400 quar
1209 5332 1319 5385 maairm
1330 5343 1391 5387 tunc
1402 5334 1501 5404 mapalia
1512 5335 1621 5405 inperalia
1632 5338 1733 5407 floruit.
1748 5338 1824 5403 Atqui
1840 5336 1957 5392 Mureti-

320 5405 372 5458 tiur
391 5404 485 5471 b'alla,
500 5408 663 5480 dnpelaaaue
677 5410 836 5478 Politianua,
852 5416 1003 5484 eloquentiae
1020 5416 1144 5474 blomanae
1157 5420 1270 5484 lumina,
1285 5438 1318 5475 ac
1330 5424 1484 5479 aaaetiaar'mi
1490 5427 1587 5496 indicti
1599 5428 1651 5482 duo
1665 5427 1713 5482 riti
1726 5429 1828 5495 attane,
1841 5438 1868 5482 ut
1882 5427 1954 5483 Cice-

306 5500 400 5560 ¹rania,
412 5498 538 5569 allepant.
554 5498 614 5555 Non
628 5504 692 5567 atat,
707 5501 801 5574 inquio,
817 5505 870 5560 illia
889 5508 986 5562 noaual
1001 5516 1056 5562 arat
1070 5511 1173 5581 atique,
1189 5513 1234 5568 ted
1249 5528 1299 5566 non
1313 5514 1468 5584 captarunt,
1480 5516 1576 5587 alioqui
1588 5534 1621 5574 aa
1640 5519 1700 5589 atplr'
1711 5519 1867 5584 dinemitate,
1882 5535 1915 5573 ac
1925 5535 1957 5573 aa

320 5592 407 5647 multia
419 5595 479 5650 aliia
492 5597 649 5665 arpnmrntr’a
659 5597 777 5667 collipere
794 5598 872 5668 larila
893 5611 1013 5671 poterant
1035 5620 1087 5658 nan
1101 5621 1157 5663 arae
1175 5621 1205 5661 aa
1227 5605 1368 5675 ciceronio,
1382 5611 1496 5678 artamaia
1508 5620 1534 5668 et
1553 5612 1628 5667 docta
1640 5620 1665 5666 et
1687 5627 1754 5682 pura
1765 5621 1790 5667 et
1812 5612 1954 5674 elaborato,

318 5686 434 5755 quarraria
448 5688 588 5747 intueterata
600 5692 732 5747 bominum
747 5692 833 5762 apiaria
850 5694 988 5761 rabanum,
1003 5697 1115 5766 denipue
1126 5701 1321 5770 quantumuiaet
1335 5700 1461 5772 Georpiua
1476 5702 1553 5759 b’alla
1566 5713 1589 5760 et
1603 5704 1729 5763 Antoniae
1746 5704 1918 5760 uanctnotaa
1929 5716 1954 5763 et

318 5774 423 5842 quidm
435 5776 482 5831 alii
497 5780 588 5836 luctati
601 5782 663 5850 aiut,
678 5793 705 5839 ut
717 5782 745 5838 id
756 5783 901 5843 bominibnr
915 5790 1110 5857 mraaaderent,
1123 5806 1208 5846 omnoa
1229 5791 1255 5845 td
1268 5793 1371 5859 lucrati,
1385 5804 1413 5848 ot
1423 5794 1496 5864 apud
1510 5792 1660 5853 eruditiorea
1675 5796 1714 5852 rel
1730 5797 1826 5866 etapidi
1839 5796 1877 5852 rr:
1891 5812 1953 5866 per·
