<?xml version="1.0" encoding="UTF-8"?>
<!DOCTYPE html PUBLIC "-//W3C//DTD XHTML 1.0 Transitional//EN"
    "http://www.w3.org/TR/xhtml1/DTD/xhtml1-transitional.dtd">
<html xmlns="http://www.w3.org/1999/xhtml" xml:lang="en" lang="en">
 <head>
  <title>
</title>
<meta http-equiv="Content-Type" content="text/html;charset=utf-8" />
  <meta name='ocr-system' content='tesseract 3.04.00' />
  <meta name='ocr-capabilities' content='ocr_page ocr_carea ocr_par ocr_line ocrx_word'/>
</head>
<body>
  <div class='ocr_page' id='page_1' title='image "./patrologiaecurs204unkngoog/patrologiaecurs204unkngoog_0577.png"; bbox 0 0 4198 6254; ppageno 0'>
   <div class='ocr_carea' id='block_1_1' title="bbox 957 332 1365 397">
    <p class='ocr_par' dir='ltr' id='par_1_1' title="bbox 957 332 1365 397">
     <span class='ocr_line' id='line_1_1' title="bbox 957 332 1365 397; baseline -0.01 -1"><span class='ocrx_word' id='word_1_1' title='bbox 957 342 1011 396; x_wconf 71' lang='lat' dir='ltr'><strong>tri.</strong></span> <span class='ocrx_word' id='word_1_2' title='bbox 1034 340 1136 397; x_wconf 70' lang='lat' dir='ltr'><strong>utut.</strong></span> <span class='ocrx_word' id='word_1_3' title='bbox 1158 332 1232 396; x_wconf 79' lang='lat' dir='ltr'><strong>sut.</strong></span> <span class='ocrx_word' id='word_1_4' title='bbox 1255 332 1365 396; x_wconf 73' lang='lat' dir='ltr'><strong>nonin</strong></span> 
     </span>
    </p>
   </div>
   <div class='ocr_carea' id='block_1_2' title="bbox 1907 337 1980 392">
    <p class='ocr_par' dir='ltr' id='par_1_2' title="bbox 1907 337 1980 392">
     <span class='ocr_line' id='line_1_2' title="bbox 1907 337 1980 392; baseline 0.014 -1"><span class='ocrx_word' id='word_1_5' title='bbox 1907 337 1980 392; x_wconf 69' lang='lat' dir='ltr'><strong>ttsd</strong></span> 
     </span>
    </p>
   </div>
   <div class='ocr_carea' id='block_1_3' title="bbox 656 446 1980 551">
    <p class='ocr_par' dir='ltr' id='par_1_3' title="bbox 656 446 1980 551">
     <span class='ocr_line' id='line_1_3' title="bbox 656 446 1980 551; baseline -0.009 -32"><span class='ocrx_word' id='word_1_6' title='bbox 656 481 671 527; x_wconf 71' lang='lat'>5</span> <span class='ocrx_word' id='word_1_7' title='bbox 735 474 742 550; x_wconf 80' lang='grc' dir='ltr'>Ι</span> <span class='ocrx_word' id='word_1_8' title='bbox 794 458 893 551; x_wconf 54' lang='grc' dir='ltr'><strong>Γ,</strong></span> <span class='ocrx_word' id='word_1_9' title='bbox 958 478 974 526; x_wconf 76' lang='lat'><strong>5</strong></span> <span class='ocrx_word' id='word_1_10' title='bbox 1039 475 1087 551; x_wconf 65' lang='lat' dir='ltr'><strong>&#39;g</strong></span> <span class='ocrx_word' id='word_1_11' title='bbox 1148 446 1928 517; x_wconf 70' lang='lat' dir='ltr'><strong>Artttttttnitate.Quarcdi-pnnanturittortlincmornnes</strong></span> <span class='ocrx_word' id='word_1_12' title='bbox 1941 456 1980 508; x_wconf 76' lang='lat' dir='ltr'><strong>alr</strong></span> 
     </span>
    </p>
   </div>
   <div class='ocr_carea' id='block_1_4' title="bbox 530 1060 946 1112">
    <p class='ocr_par' dir='ltr' id='par_1_4' title="bbox 530 1060 946 1112">
     <span class='ocr_line' id='line_1_4' title="bbox 530 1060 946 1112; baseline 0.005 -2"><span class='ocrx_word' id='word_1_13' title='bbox 530 1060 946 1112; x_wconf 85' lang='lat' dir='ltr'><strong>ttttttttt</strong></span> 
     </span>
    </p>
   </div>
   <div class='ocr_carea' id='block_1_5' title="bbox 621 1194 871 1263">
    <p class='ocr_par' dir='ltr' id='par_1_5' title="bbox 621 1194 871 1263">
     <span class='ocr_line' id='line_1_5' title="bbox 621 1194 871 1263; baseline -0.008 0"><span class='ocrx_word' id='word_1_14' title='bbox 621 1206 734 1263; x_wconf 77' lang='lat' dir='ltr'><strong>catut</strong></span> <span class='ocrx_word' id='word_1_15' title='bbox 757 1194 871 1262; x_wconf 74' lang='lat' dir='ltr'><strong>tatu.</strong></span> 
     </span>
    </p>
   </div>
   <div class='ocr_carea' id='block_1_6' title="bbox 350 1297 1131 1439">
    <p class='ocr_par' dir='ltr' id='par_1_6' title="bbox 350 1297 1131 1439">
     <span class='ocr_line' id='line_1_6' title="bbox 350 1297 1131 1371; baseline -0.005 -13"><span class='ocrx_word' id='word_1_16' title='bbox 350 1302 385 1358; x_wconf 76' lang='lat' dir='ltr'><strong>ile</strong></span> <span class='ocrx_word' id='word_1_17' title='bbox 406 1299 619 1371; x_wconf 76' lang='lat' dir='ltr'><strong>antdongioritm</strong></span> <span class='ocrx_word' id='word_1_18' title='bbox 641 1299 763 1362; x_wconf 70' lang='lat' dir='ltr'><strong>inumeris,</strong></span> <span class='ocrx_word' id='word_1_19' title='bbox 788 1307 811 1351; x_wconf 83' lang='lat' dir='ltr'><strong>et</strong></span> <span class='ocrx_word' id='word_1_20' title='bbox 835 1299 867 1351; x_wconf 84' lang='lat' dir='ltr'><strong>de</strong></span> <span class='ocrx_word' id='word_1_21' title='bbox 889 1297 1011 1354; x_wconf 79' lang='lat' dir='ltr'><strong>corsinio</strong></span> <span class='ocrx_word' id='word_1_22' title='bbox 1033 1300 1131 1354; x_wconf 73' lang='grc' dir='ltr'><strong>ιιιιιιισι</strong></span> 
     </span>
     <span class='ocr_line' id='line_1_7' title="bbox 584 1367 900 1439; baseline -0.003 -18"><span class='ocrx_word' id='word_1_23' title='bbox 584 1379 655 1436; x_wconf 83' lang='lat' dir='ltr'><strong>porte</strong></span> <span class='ocrx_word' id='word_1_24' title='bbox 671 1368 754 1423; x_wconf 79' lang='lat' dir='ltr'><strong>altero</strong></span> <span class='ocrx_word' id='word_1_25' title='bbox 766 1367 900 1439; x_wconf 77' lang='lat' dir='ltr'><strong>longioris.</strong></span> 
     </span>
    </p>
   </div>
   <div class='ocr_carea' id='block_1_7' title="bbox 315 1459 1133 3157">
    <p class='ocr_par' dir='ltr' id='par_1_7' title="bbox 315 1459 1133 3157">
     <span class='ocr_line' id='line_1_8' title="bbox 382 1459 1129 1532; baseline -0.004 -15"><span class='ocrx_word' id='word_1_26' title='bbox 382 1463 450 1531; x_wconf 81' lang='lat' dir='ltr'><strong>iirgo</strong></span> <span class='ocrx_word' id='word_1_27' title='bbox 464 1463 485 1514; x_wconf 93' lang='lat' dir='ltr'><strong>si</strong></span> <span class='ocrx_word' id='word_1_28' title='bbox 501 1460 534 1515; x_wconf 77' lang='lat' dir='ltr'><strong>alt</strong></span> <span class='ocrx_word' id='word_1_29' title='bbox 549 1460 649 1515; x_wconf 73' lang='lat' dir='ltr'><strong>ueritate</strong></span> <span class='ocrx_word' id='word_1_30' title='bbox 662 1469 763 1514; x_wconf 87' lang='lat' dir='ltr'><strong>tantum</strong></span> <span class='ocrx_word' id='word_1_31' title='bbox 777 1459 930 1529; x_wconf 76' lang='lat' dir='ltr'>discrepent</span> <span class='ocrx_word' id='word_1_32' title='bbox 941 1459 987 1532; x_wconf 87' lang='lat' dir='ltr'><strong>qni</strong></span> <span class='ocrx_word' id='word_1_33' title='bbox 1003 1460 1129 1529; x_wconf 83' lang='lat' dir='ltr'><strong>multipl-</strong></span> 
     </span>
     <span class='ocr_line' id='line_1_9' title="bbox 349 1550 1129 1622; baseline -0.004 -13"><span class='ocrx_word' id='word_1_34' title='bbox 349 1565 449 1613; x_wconf 84' lang='lat' dir='ltr'><strong>cantnr.</strong></span> <span class='ocrx_word' id='word_1_35' title='bbox 473 1552 599 1622; x_wconf 76' lang='lat' dir='ltr'><strong>descripti</strong></span> <span class='ocrx_word' id='word_1_36' title='bbox 619 1552 743 1621; x_wconf 85' lang='lat' dir='ltr'><strong>strperius</strong></span> <span class='ocrx_word' id='word_1_37' title='bbox 765 1550 869 1607; x_wconf 88' lang='lat' dir='ltr'><strong>numeri</strong></span> <span class='ocrx_word' id='word_1_38' title='bbox 884 1551 1084 1621; x_wconf 73' lang='lat' dir='ltr'><strong>protendentur.</strong></span> <span class='ocrx_word' id='word_1_39' title='bbox 1103 1551 1129 1607; x_wconf 90' lang='lat' dir='ltr'><strong>Si</strong></span> 
     </span>
     <span class='ocr_line' id='line_1_10' title="bbox 349 1640 1128 1712; baseline -0.005 -15"><span class='ocrx_word' id='word_1_40' title='bbox 349 1658 411 1699; x_wconf 83' lang='lat' dir='ltr'><strong>sero</strong></span> <span class='ocrx_word' id='word_1_41' title='bbox 422 1643 511 1710; x_wconf 74' lang='lat' dir='ltr'><strong>aliquo</strong></span> <span class='ocrx_word' id='word_1_42' title='bbox 526 1655 647 1707; x_wconf 79' lang='lat' dir='ltr'><strong>numero,</strong></span> <span class='ocrx_word' id='word_1_43' title='bbox 664 1652 693 1696; x_wconf 92' lang='lat' dir='ltr'><strong>ut</strong></span> <span class='ocrx_word' id='word_1_44' title='bbox 708 1651 749 1696; x_wconf 87' lang='lat' dir='ltr'><strong>ter</strong></span> <span class='ocrx_word' id='word_1_45' title='bbox 763 1649 876 1710; x_wconf 80' lang='lat' dir='ltr'><strong>septem.</strong></span> <span class='ocrx_word' id='word_1_46' title='bbox 891 1640 933 1697; x_wconf 86' lang='lat' dir='ltr'><strong>trel</strong></span> <span class='ocrx_word' id='word_1_47' title='bbox 950 1650 989 1697; x_wconf 89' lang='lat' dir='ltr'><strong>ter</strong></span> <span class='ocrx_word' id='word_1_48' title='bbox 1002 1640 1128 1712; x_wconf 78' lang='lat' dir='ltr'><strong>quinque,</strong></span> 
     </span>
     <span class='ocr_line' id='line_1_11' title="bbox 349 1730 1130 1799; baseline 0.001 -16"><span class='ocrx_word' id='word_1_49' title='bbox 349 1733 389 1789; x_wconf 81' lang='lat' dir='ltr'><strong>rel</strong></span> <span class='ocrx_word' id='word_1_50' title='bbox 403 1734 494 1799; x_wconf 79' lang='lat' dir='ltr'><strong>aliquo</strong></span> <span class='ocrx_word' id='word_1_51' title='bbox 506 1731 585 1786; x_wconf 93' lang='lat' dir='ltr'><strong>modo</strong></span> <span class='ocrx_word' id='word_1_52' title='bbox 604 1730 669 1795; x_wconf 88' lang='lat' dir='ltr'><strong>alio,</strong></span> <span class='ocrx_word' id='word_1_53' title='bbox 679 1743 704 1786; x_wconf 90' lang='lat' dir='ltr'><strong>et</strong></span> <span class='ocrx_word' id='word_1_54' title='bbox 717 1746 770 1785; x_wconf 91' lang='lat' dir='ltr'><strong>non</strong></span> <span class='ocrx_word' id='word_1_55' title='bbox 784 1744 877 1787; x_wconf 90' lang='lat' dir='ltr'><strong>eorum</strong></span> <span class='ocrx_word' id='word_1_56' title='bbox 892 1730 975 1785; x_wconf 85' lang='lat' dir='ltr'><strong>latera</strong></span> <span class='ocrx_word' id='word_1_57' title='bbox 997 1731 1054 1787; x_wconf 89' lang='lat' dir='ltr'><strong>sola</strong></span> <span class='ocrx_word' id='word_1_58' title='bbox 1076 1731 1130 1785; x_wconf 88' lang='lat' dir='ltr'><strong>dis-</strong></span> 
     </span>
     <span class='ocr_line' id='line_1_12' title="bbox 349 1820 1115 1893; baseline -0.005 -14"><span class='ocrx_word' id='word_1_59' title='bbox 349 1834 458 1893; x_wconf 89' lang='lat' dir='ltr'><strong>crepent</strong></span> <span class='ocrx_word' id='word_1_60' title='bbox 478 1823 596 1886; x_wconf 88' lang='lat' dir='ltr'><strong>unitate,</strong></span> <span class='ocrx_word' id='word_1_61' title='bbox 612 1836 664 1876; x_wconf 91' lang='lat' dir='ltr'><strong>non</strong></span> <span class='ocrx_word' id='word_1_62' title='bbox 686 1823 826 1877; x_wconf 83' lang='lat' dir='ltr'><strong>vocabitur</strong></span> <span class='ocrx_word' id='word_1_63' title='bbox 850 1820 894 1876; x_wconf 88' lang='lat' dir='ltr'><strong>iric</strong></span> <span class='ocrx_word' id='word_1_64' title='bbox 915 1835 1043 1877; x_wconf 85' lang='lat' dir='ltr'><strong>numerus</strong></span> <span class='ocrx_word' id='word_1_65' title='bbox 1057 1832 1115 1889; x_wconf 87' lang='lat' dir='ltr'><strong>part</strong></span> 
     </span>
     <span class='ocr_line' id='line_1_13' title="bbox 349 1909 1130 1983; baseline -0.006 -15"><span class='ocrx_word' id='word_1_66' title='bbox 349 1916 429 1971; x_wconf 86' lang='lat' dir='ltr'><strong>ttltera</strong></span> <span class='ocrx_word' id='word_1_67' title='bbox 452 1915 563 1983; x_wconf 80' lang='lat' dir='ltr'><strong>longior.</strong></span> <span class='ocrx_word' id='word_1_68' title='bbox 577 1912 623 1969; x_wconf 83' lang='lat' dir='ltr'><strong>sed</strong></span> <span class='ocrx_word' id='word_1_69' title='bbox 640 1911 816 1982; x_wconf 70' lang='lat' dir='ltr'><strong>antelongior.</strong></span> <span class='ocrx_word' id='word_1_70' title='bbox 832 1911 951 1966; x_wconf 71' lang='lat' dir='ltr'><strong>Alterum</strong></span> <span class='ocrx_word' id='word_1_71' title='bbox 973 1909 1045 1967; x_wconf 86' lang='lat' dir='ltr'><strong>enim</strong></span> <span class='ocrx_word' id='word_1_72' title='bbox 1061 1912 1130 1981; x_wconf 87' lang='lat' dir='ltr'><strong>apud</strong></span> 
     </span>
     <span class='ocr_line' id='line_1_14' title="bbox 348 1999 1132 2075; baseline -0.004 -16"><span class='ocrx_word' id='word_1_73' title='bbox 348 2002 525 2075; x_wconf 77' lang='lat' dir='ltr'><strong>Pythagoram</strong></span> <span class='ocrx_word' id='word_1_74' title='bbox 549 2003 590 2058; x_wconf 85' lang='lat' dir='ltr'><strong>trel</strong></span> <span class='ocrx_word' id='word_1_75' title='bbox 614 2003 752 2067; x_wconf 75' lang='lat' dir='ltr'><strong>sapientia</strong></span> <span class='ocrx_word' id='word_1_76' title='bbox 769 2002 828 2070; x_wconf 85' lang='lat' dir='ltr'><strong>ojus</strong></span> <span class='ocrx_word' id='word_1_77' title='bbox 852 1999 984 2066; x_wconf 70' lang='lat' dir='ltr'><strong>heredes,</strong></span> <span class='ocrx_word' id='word_1_78' title='bbox 1009 2001 1073 2055; x_wconf 86' lang='lat' dir='ltr'><strong>nolli</strong></span> <span class='ocrx_word' id='word_1_79' title='bbox 1089 2000 1132 2055; x_wconf 88' lang='lat' dir='ltr'><strong>atii</strong></span> 
     </span>
     <span class='ocr_line' id='line_1_15' title="bbox 349 2090 1133 2148; baseline -0.004 0"><span class='ocrx_word' id='word_1_80' title='bbox 349 2094 398 2148; x_wconf 90' lang='lat' dir='ltr'><strong>nisi</strong></span> <span class='ocrx_word' id='word_1_81' title='bbox 421 2100 521 2147; x_wconf 89' lang='lat' dir='ltr'><strong>tantum</strong></span> <span class='ocrx_word' id='word_1_82' title='bbox 548 2092 651 2147; x_wconf 84' lang='lat' dir='ltr'><strong>binario</strong></span> <span class='ocrx_word' id='word_1_83' title='bbox 675 2091 870 2146; x_wconf 76' lang='lat' dir='ltr'><strong>ascribebatur.</strong></span> <span class='ocrx_word' id='word_1_84' title='bbox 894 2092 971 2146; x_wconf 87' lang='lat' dir='ltr'><strong>lianc</strong></span> <span class='ocrx_word' id='word_1_85' title='bbox 993 2090 1133 2145; x_wconf 90' lang='lat' dir='ltr'><strong>alteritatis</strong></span> 
     </span>
     <span class='ocr_line' id='line_1_16' title="bbox 348 2182 1131 2252; baseline -0.003 -15"><span class='ocrx_word' id='word_1_86' title='bbox 348 2183 506 2252; x_wconf 84' lang='lat' dir='ltr'><strong>principium</strong></span> <span class='ocrx_word' id='word_1_87' title='bbox 522 2197 583 2239; x_wconf 80' lang='lat' dir='ltr'><strong>ese</strong></span> <span class='ocrx_word' id='word_1_88' title='bbox 595 2182 729 2238; x_wconf 87' lang='lat' dir='ltr'><strong>dicebant.</strong></span> <span class='ocrx_word' id='word_1_89' title='bbox 747 2182 874 2237; x_wconf 84' lang='lat' dir='ltr'><strong>Etmdem</strong></span> <span class='ocrx_word' id='word_1_90' title='bbox 895 2189 983 2236; x_wconf 87' lang='lat' dir='ltr'><strong>antem</strong></span> <span class='ocrx_word' id='word_1_91' title='bbox 999 2189 1131 2244; x_wconf 79' lang='lat' dir='ltr'><strong>neutram.</strong></span> 
     </span>
     <span class='ocr_line' id='line_1_17' title="bbox 348 2270 1131 2343; baseline -0.008 -15"><span class='ocrx_word' id='word_1_92' title='bbox 348 2283 375 2329; x_wconf 90' lang='lat' dir='ltr'><strong>et</strong></span> <span class='ocrx_word' id='word_1_93' title='bbox 393 2288 499 2343; x_wconf 88' lang='lat' dir='ltr'><strong>semper</strong></span> <span class='ocrx_word' id='word_1_94' title='bbox 522 2272 572 2328; x_wconf 89' lang='lat' dir='ltr'><strong>sibi</strong></span> <span class='ocrx_word' id='word_1_95' title='bbox 595 2270 709 2326; x_wconf 79' lang='lat' dir='ltr'><strong>similent</strong></span> <span class='ocrx_word' id='word_1_96' title='bbox 732 2272 1008 2340; x_wconf 82' lang='lat' dir='ltr'><strong>consentientemque,</strong></span> <span class='ocrx_word' id='word_1_97' title='bbox 1031 2271 1131 2324; x_wconf 89' lang='lat' dir='ltr'><strong>nnllam</strong></span> 
     </span>
     <span class='ocr_line' id='line_1_18' title="bbox 348 2360 1133 2433; baseline -0.006 -14"><span class='ocrx_word' id='word_1_98' title='bbox 348 2364 425 2419; x_wconf 88' lang='lat' dir='ltr'><strong>aliam</strong></span> <span class='ocrx_word' id='word_1_99' title='bbox 441 2363 491 2418; x_wconf 92' lang='lat' dir='ltr'><strong>nisi</strong></span> <span class='ocrx_word' id='word_1_100' title='bbox 507 2361 661 2433; x_wconf 75' lang='lat' dir='ltr'><strong>primevam</strong></span> <span class='ocrx_word' id='word_1_101' title='bbox 678 2362 912 2431; x_wconf 71' lang='lat' dir='ltr'><strong>ingeneratamque</strong></span> <span class='ocrx_word' id='word_1_102' title='bbox 934 2360 1073 2415; x_wconf 86' lang='lat' dir='ltr'><strong>unitatem.</strong></span> <span class='ocrx_word' id='word_1_103' title='bbox 1091 2361 1133 2414; x_wconf 86' lang='lat' dir='ltr'><strong>lli·</strong></span> 
     </span>
     <span class='ocr_line' id='line_1_19' title="bbox 348 2452 1130 2522; baseline -0.001 -13"><span class='ocrx_word' id='word_1_104' title='bbox 348 2456 437 2510; x_wconf 88' lang='lat' dir='ltr'><strong>narius</strong></span> <span class='ocrx_word' id='word_1_105' title='bbox 447 2467 535 2511; x_wconf 88' lang='lat' dir='ltr'><strong>sutem</strong></span> <span class='ocrx_word' id='word_1_106' title='bbox 551 2468 687 2519; x_wconf 85' lang='lat' dir='ltr'><strong>numerus,</strong></span> <span class='ocrx_word' id='word_1_107' title='bbox 704 2452 806 2522; x_wconf 91' lang='lat' dir='ltr'><strong>primus</strong></span> <span class='ocrx_word' id='word_1_108' title='bbox 820 2460 861 2508; x_wconf 84' lang='lat' dir='ltr'><strong>est</strong></span> <span class='ocrx_word' id='word_1_109' title='bbox 876 2453 969 2508; x_wconf 89' lang='lat' dir='ltr'><strong>unitati</strong></span> <span class='ocrx_word' id='word_1_110' title='bbox 983 2453 1130 2521; x_wconf 65' lang='lat' dir='ltr'><strong>dissimilis,</strong></span> 
     </span>
     <span class='ocr_line' id='line_1_20' title="bbox 348 2544 1132 2616; baseline -0.005 -12"><span class='ocrx_word' id='word_1_111' title='bbox 348 2550 446 2605; x_wconf 91' lang='lat' dir='ltr'><strong>idcirco</strong></span> <span class='ocrx_word' id='word_1_112' title='bbox 468 2547 538 2616; x_wconf 81' lang='lat' dir='ltr'><strong>qnod</strong></span> <span class='ocrx_word' id='word_1_113' title='bbox 560 2546 662 2616; x_wconf 89' lang='lat' dir='ltr'><strong>primns</strong></span> <span class='ocrx_word' id='word_1_114' title='bbox 681 2544 716 2599; x_wconf 85' lang='lat' dir='ltr'><strong>alt</strong></span> <span class='ocrx_word' id='word_1_115' title='bbox 738 2546 838 2600; x_wconf 86' lang='lat' dir='ltr'><strong>unitate</strong></span> <span class='ocrx_word' id='word_1_116' title='bbox 861 2544 1034 2616; x_wconf 84' lang='lat' dir='ltr'><strong>disjungitur,</strong></span> <span class='ocrx_word' id='word_1_117' title='bbox 1051 2556 1079 2599; x_wconf 91' lang='lat' dir='ltr'><strong>at</strong></span> <span class='ocrx_word' id='word_1_118' title='bbox 1099 2564 1132 2600; x_wconf 89' lang='lat' dir='ltr'><strong>ne</strong></span> 
     </span>
     <span class='ocr_line' id='line_1_21' title="bbox 347 2632 1132 2704; baseline -0.005 -12"><span class='ocrx_word' id='word_1_119' title='bbox 347 2638 406 2693; x_wconf 87' lang='lat' dir='ltr'><strong>ideo</strong></span> <span class='ocrx_word' id='word_1_120' title='bbox 428 2635 568 2691; x_wconf 81' lang='lat' dir='ltr'><strong>alteritatis</strong></span> <span class='ocrx_word' id='word_1_121' title='bbox 590 2633 728 2704; x_wconf 87' lang='lat' dir='ltr'><strong>enjusdam</strong></span> <span class='ocrx_word' id='word_1_122' title='bbox 743 2632 904 2703; x_wconf 88' lang='lat' dir='ltr'><strong>principium</strong></span> <span class='ocrx_word' id='word_1_123' title='bbox 929 2633 988 2699; x_wconf 85' lang='lat' dir='ltr'><strong>luit,</strong></span> <span class='ocrx_word' id='word_1_124' title='bbox 1013 2635 1082 2704; x_wconf 87' lang='lat' dir='ltr'><strong>qttod</strong></span> <span class='ocrx_word' id='word_1_125' title='bbox 1098 2635 1132 2688; x_wconf 89' lang='lat' dir='ltr'><strong>ab</strong></span> 
     </span>
     <span class='ocr_line' id='line_1_22' title="bbox 315 2716 1130 2797; baseline -0.001 -15"><span class='ocrx_word' id='word_1_126' title='bbox 315 2716 321 2735; x_wconf 62' lang='lat'><strong><em>¹</em></strong></span> <span class='ocrx_word' id='word_1_127' title='bbox 346 2729 390 2784; x_wconf 86' lang='lat' dir='ltr'><strong>llio</strong></span> <span class='ocrx_word' id='word_1_128' title='bbox 407 2728 489 2797; x_wconf 90' lang='lat' dir='ltr'><strong>prima</strong></span> <span class='ocrx_word' id='word_1_129' title='bbox 509 2736 536 2782; x_wconf 90' lang='lat' dir='ltr'><strong>et</strong></span> <span class='ocrx_word' id='word_1_130' title='bbox 550 2740 658 2796; x_wconf 86' lang='lat' dir='ltr'><strong>semper</strong></span> <span class='ocrx_word' id='word_1_131' title='bbox 676 2723 768 2779; x_wconf 86' lang='lat' dir='ltr'><strong>eadem</strong></span> <span class='ocrx_word' id='word_1_132' title='bbox 789 2724 1013 2789; x_wconf 66' lang='lat' dir='ltr'><strong>substantiatus</strong></span> <span class='ocrx_word' id='word_1_133' title='bbox 1028 2732 1130 2781; x_wconf 61' lang='lat' dir='ltr'><strong>tantam</strong></span> 
     </span>
     <span class='ocr_line' id='line_1_23' title="bbox 347 2815 1130 2887; baseline -0.004 -14"><span class='ocrx_word' id='word_1_134' title='bbox 347 2829 388 2875; x_wconf 82' lang='lat' dir='ltr'><strong>cst</strong></span> <span class='ocrx_word' id='word_1_135' title='bbox 401 2820 501 2875; x_wconf 90' lang='lat' dir='ltr'><strong>unitate</strong></span> <span class='ocrx_word' id='word_1_136' title='bbox 511 2817 659 2873; x_wconf 81' lang='lat' dir='ltr'><strong>dissimilia.</strong></span> <span class='ocrx_word' id='word_1_137' title='bbox 673 2816 768 2872; x_wconf 83' lang='lat' dir='ltr'><strong>ilerito</strong></span> <span class='ocrx_word' id='word_1_138' title='bbox 781 2830 845 2887; x_wconf 86' lang='lat' dir='ltr'><strong>ergo</strong></span> <span class='ocrx_word' id='word_1_139' title='bbox 857 2815 979 2872; x_wconf 90' lang='lat' dir='ltr'><strong>dicetttur</strong></span> <span class='ocrx_word' id='word_1_140' title='bbox 991 2815 1019 2871; x_wconf 86' lang='lat' dir='ltr'><strong>iti</strong></span> <span class='ocrx_word' id='word_1_141' title='bbox 1028 2817 1130 2872; x_wconf 87' lang='lat' dir='ltr'><strong>numcri</strong></span> 
     </span>
     <span class='ocr_line' id='line_1_24' title="bbox 346 2905 1131 2979; baseline -0.003 -17"><span class='ocrx_word' id='word_1_142' title='bbox 346 2919 421 2979; x_wconf 85' lang='lat' dir='ltr'><strong>parte</strong></span> <span class='ocrx_word' id='word_1_143' title='bbox 435 2909 518 2964; x_wconf 88' lang='lat' dir='ltr'><strong>altera</strong></span> <span class='ocrx_word' id='word_1_144' title='bbox 534 2907 677 2976; x_wconf 77' lang='lat' dir='ltr'><strong>longiores,</strong></span> <span class='ocrx_word' id='word_1_145' title='bbox 693 2906 762 2976; x_wconf 86' lang='lat' dir='ltr'><strong>quod</strong></span> <span class='ocrx_word' id='word_1_146' title='bbox 777 2920 871 2963; x_wconf 87' lang='lat' dir='ltr'><strong>eornm</strong></span> <span class='ocrx_word' id='word_1_147' title='bbox 882 2905 965 2960; x_wconf 84' lang='lat' dir='ltr'><strong>latera</strong></span> <span class='ocrx_word' id='word_1_148' title='bbox 981 2907 1058 2961; x_wconf 90' lang='lat' dir='ltr'><strong>unius</strong></span> <span class='ocrx_word' id='word_1_149' title='bbox 1076 2916 1131 2960; x_wconf 91' lang='lat' dir='ltr'><strong>tan·</strong></span> 
     </span>
     <span class='ocr_line' id='line_1_25' title="bbox 346 2995 1131 3067; baseline -0.008 -14"><span class='ocrx_word' id='word_1_150' title='bbox 346 3009 401 3053; x_wconf 84' lang='lat' dir='ltr'><strong>turn</strong></span> <span class='ocrx_word' id='word_1_151' title='bbox 413 3012 473 3054; x_wconf 88' lang='lat' dir='ltr'><strong>sese</strong></span> <span class='ocrx_word' id='word_1_152' title='bbox 487 2996 589 3067; x_wconf 83' lang='lat' dir='ltr'><strong>adjecta</strong></span> <span class='ocrx_word' id='word_1_153' title='bbox 605 2996 795 3051; x_wconf 82' lang='lat' dir='ltr'><strong>numerositate</strong></span> <span class='ocrx_word' id='word_1_154' title='bbox 810 2995 974 3065; x_wconf 76' lang='lat' dir='ltr'><strong>precedam.</strong></span> <span class='ocrx_word' id='word_1_155' title='bbox 984 2996 1131 3066; x_wconf 74' lang='lat' dir='ltr'><strong>segonien-</strong></span> 
     </span>
     <span class='ocr_line' id='line_1_26' title="bbox 346 3088 1130 3157; baseline -0.008 -12"><span class='ocrx_word' id='word_1_156' title='bbox 346 3099 401 3145; x_wconf 91' lang='lat' dir='ltr'><strong>tnm</strong></span> <span class='ocrx_word' id='word_1_157' title='bbox 419 3098 460 3146; x_wconf 87' lang='lat' dir='ltr'><strong>est</strong></span> <span class='ocrx_word' id='word_1_158' title='bbox 478 3104 566 3145; x_wconf 88' lang='lat' dir='ltr'><strong>auem</strong></span> <span class='ocrx_word' id='word_1_159' title='bbox 590 3088 750 3143; x_wconf 82' lang='lat' dir='ltr'><strong>alteritatem</strong></span> <span class='ocrx_word' id='word_1_160' title='bbox 768 3088 794 3142; x_wconf 93' lang='lat' dir='ltr'><strong>in</strong></span> <span class='ocrx_word' id='word_1_161' title='bbox 820 3088 923 3144; x_wconf 82' lang='lat' dir='ltr'><strong>linario</strong></span> <span class='ocrx_word' id='word_1_162' title='bbox 938 3088 1130 3157; x_wconf 79' lang='lat' dir='ltr'><strong>numerojuste</strong></span> 
     </span>
    </p>
   </div>
   <div class='ocr_carea' id='block_1_8' title="bbox 243 3177 1131 3249">
    <p class='ocr_par' dir='ltr' id='par_1_8' title="bbox 243 3177 1131 3249">
     <span class='ocr_line' id='line_1_27' title="bbox 243 3177 1131 3249; baseline -0.002 -15"><span class='ocrx_word' id='word_1_163' title='bbox 243 3201 247 3209; x_wconf 87' lang='lat'>·</span> <span class='ocrx_word' id='word_1_164' title='bbox 345 3180 469 3234; x_wconf 85' lang='lat' dir='ltr'><strong>constitui</strong></span> <span class='ocrx_word' id='word_1_165' title='bbox 484 3222 491 3245; x_wconf 91' lang='lat'>‚</span> <span class='ocrx_word' id='word_1_166' title='bbox 508 3177 578 3249; x_wconf 81' lang='lat' dir='ltr'><strong>qnod</strong></span> <span class='ocrx_word' id='word_1_167' title='bbox 599 3192 651 3233; x_wconf 91' lang='lat' dir='ltr'><strong>non</strong></span> <span class='ocrx_word' id='word_1_168' title='bbox 673 3177 770 3232; x_wconf 89' lang='lat' dir='ltr'><strong>dicitur</strong></span> <span class='ocrx_word' id='word_1_169' title='bbox 791 3178 904 3233; x_wconf 90' lang='lat' dir='ltr'><strong>alterum</strong></span> <span class='ocrx_word' id='word_1_170' title='bbox 925 3178 976 3233; x_wconf 79' lang='lat' dir='ltr'><strong>nisi</strong></span> <span class='ocrx_word' id='word_1_171' title='bbox 994 3193 1010 3233; x_wconf 91' lang='lat' dir='ltr'><strong>c</strong></span> <span class='ocrx_word' id='word_1_172' title='bbox 1028 3178 1131 3232; x_wconf 78' lang='lat' dir='ltr'><strong>dnolms</strong></span> 
     </span>
    </p>
   </div>
   <div class='ocr_carea' id='block_1_9' title="bbox 305 3267 1131 4155">
    <p class='ocr_par' dir='ltr' id='par_1_9' title="bbox 305 3267 1131 4155">
     <span class='ocr_line' id='line_1_28' title="bbox 345 3267 1129 3339; baseline -0.001 -15"><span class='ocrx_word' id='word_1_173' title='bbox 345 3269 380 3324; x_wconf 81' lang='lat' dir='ltr'><strong>alt</strong></span> <span class='ocrx_word' id='word_1_174' title='bbox 396 3268 437 3324; x_wconf 85' lang='lat' dir='ltr'><strong>iris</strong></span> <span class='ocrx_word' id='word_1_175' title='bbox 454 3269 480 3322; x_wconf 94' lang='lat' dir='ltr'><strong>in</strong></span> <span class='ocrx_word' id='word_1_176' title='bbox 495 3282 562 3337; x_wconf 85' lang='lat' dir='ltr'><strong>quos</strong></span> <span class='ocrx_word' id='word_1_177' title='bbox 583 3267 651 3323; x_wconf 88' lang='lat' dir='ltr'><strong>benc</strong></span> <span class='ocrx_word' id='word_1_178' title='bbox 675 3269 798 3338; x_wconf 84' lang='lat' dir='ltr'><strong>loquendi</strong></span> <span class='ocrx_word' id='word_1_179' title='bbox 815 3269 883 3323; x_wconf 88' lang='lat' dir='ltr'><strong>ratio</strong></span> <span class='ocrx_word' id='word_1_180' title='bbox 905 3283 958 3323; x_wconf 93' lang='lat' dir='ltr'><strong>non</strong></span> <span class='ocrx_word' id='word_1_181' title='bbox 979 3270 1129 3339; x_wconf 80' lang='lat' dir='ltr'><strong>negligitur.</strong></span> 
     </span>
     <span class='ocr_line' id='line_1_29' title="bbox 345 3357 1129 3429; baseline 0 -16"><span class='ocrx_word' id='word_1_182' title='bbox 345 3357 467 3428; x_wconf 75' lang='lat' dir='ltr'><strong>Amplius</strong></span> <span class='ocrx_word' id='word_1_183' title='bbox 487 3360 557 3428; x_wconf 83' lang='lat' dir='ltr'><strong>qnod</strong></span> <span class='ocrx_word' id='word_1_184' title='bbox 583 3360 668 3425; x_wconf 92' lang='lat' dir='ltr'><strong>impar</strong></span> <span class='ocrx_word' id='word_1_185' title='bbox 689 3373 826 3424; x_wconf 87' lang='lat' dir='ltr'><strong>numerus,</strong></span> <span class='ocrx_word' id='word_1_186' title='bbox 847 3360 905 3413; x_wconf 89' lang='lat' dir='ltr'><strong>sola</strong></span> <span class='ocrx_word' id='word_1_187' title='bbox 920 3361 1021 3415; x_wconf 91' lang='lat' dir='ltr'><strong>unitate</strong></span> <span class='ocrx_word' id='word_1_188' title='bbox 1042 3360 1129 3429; x_wconf 76' lang='lat' dir='ltr'><strong>perliti</strong></span> 
     </span>
     <span class='ocr_line' id='line_1_30' title="bbox 345 3448 1131 3517; baseline -0.001 -13"><span class='ocrx_word' id='word_1_189' title='bbox 345 3456 508 3504; x_wconf 84' lang='lat' dir='ltr'><strong>monstratus</strong></span> <span class='ocrx_word' id='word_1_190' title='bbox 527 3455 586 3515; x_wconf 88' lang='lat' dir='ltr'><strong>cst,</strong></span> <span class='ocrx_word' id='word_1_191' title='bbox 604 3460 650 3517; x_wconf 86' lang='lat' dir='ltr'><strong>par</strong></span> <span class='ocrx_word' id='word_1_192' title='bbox 671 3463 734 3503; x_wconf 82' lang='lat' dir='ltr'><strong>tero</strong></span> <span class='ocrx_word' id='word_1_193' title='bbox 748 3448 805 3504; x_wconf 85' lang='lat' dir='ltr'><strong>sola</strong></span> <span class='ocrx_word' id='word_1_194' title='bbox 820 3448 957 3515; x_wconf 83' lang='lat' dir='ltr'><strong>dualitate,</strong></span> <span class='ocrx_word' id='word_1_195' title='bbox 973 3450 999 3505; x_wconf 89' lang='lat' dir='ltr'><strong>iu</strong></span> <span class='ocrx_word' id='word_1_196' title='bbox 1015 3460 1056 3505; x_wconf 91' lang='lat' dir='ltr'><strong>est</strong></span> <span class='ocrx_word' id='word_1_197' title='bbox 1074 3453 1131 3503; x_wconf 77' lang='lat' dir='ltr'><strong>stt&#39;o</strong></span> 
     </span>
     <span class='ocr_line' id='line_1_31' title="bbox 346 3537 1128 3608; baseline -0.003 -14"><span class='ocrx_word' id='word_1_198' title='bbox 346 3537 448 3595; x_wconf 86' lang='lat' dir='ltr'><strong>binario</strong></span> <span class='ocrx_word' id='word_1_199' title='bbox 464 3538 657 3592; x_wconf 79' lang='lat' dir='ltr'><strong>numeroilam</strong></span> <span class='ocrx_word' id='word_1_200' title='bbox 669 3539 850 3608; x_wconf 74' lang='lat' dir='ltr'><strong>ettiuscuntpue</strong></span> <span class='ocrx_word' id='word_1_201' title='bbox 859 3541 988 3595; x_wconf 86' lang='lat' dir='ltr'><strong>medietas</strong></span> <span class='ocrx_word' id='word_1_202' title='bbox 1000 3549 1040 3596; x_wconf 90' lang='lat' dir='ltr'><strong>est</strong></span> <span class='ocrx_word' id='word_1_203' title='bbox 1051 3557 1093 3595; x_wconf 79' lang='lat' dir='ltr'><strong>aar</strong></span> <span class='ocrx_word' id='word_1_204' title='bbox 1106 3557 1128 3603; x_wconf 81' lang='lat' dir='ltr'><strong>s,</strong></span> 
     </span>
     <span class='ocr_line' id='line_1_32' title="bbox 346 3628 1130 3700; baseline -0.001 -16"><span class='ocrx_word' id='word_1_205' title='bbox 346 3628 392 3686; x_wconf 92' lang='lat' dir='ltr'><strong>llle</strong></span> <span class='ocrx_word' id='word_1_206' title='bbox 400 3628 485 3697; x_wconf 89' lang='lat' dir='ltr'><strong>impar</strong></span> <span class='ocrx_word' id='word_1_207' title='bbox 495 3629 629 3697; x_wconf 83' lang='lat' dir='ltr'><strong>est‚cttjtts</strong></span> <span class='ocrx_word' id='word_1_208' title='bbox 637 3644 700 3683; x_wconf 81' lang='lat' dir='ltr'><strong>tero</strong></span> <span class='ocrx_word' id='word_1_209' title='bbox 711 3629 738 3696; x_wconf 71' lang='lat'><strong>2,</strong></span> <span class='ocrx_word' id='word_1_210' title='bbox 751 3630 795 3684; x_wconf 82' lang='lat' dir='ltr'><strong>laic</strong></span> <span class='ocrx_word' id='word_1_211' title='bbox 803 3629 915 3698; x_wconf 88' lang='lat' dir='ltr'><strong>paritate</strong></span> <span class='ocrx_word' id='word_1_212' title='bbox 926 3639 1043 3700; x_wconf 81' lang='lat' dir='ltr'><strong>recepta,</strong></span> <span class='ocrx_word' id='word_1_213' title='bbox 1052 3632 1078 3683; x_wconf 91' lang='lat' dir='ltr'><strong>in</strong></span> <span class='ocrx_word' id='word_1_214' title='bbox 1089 3647 1130 3695; x_wconf 60' lang='lat' dir='ltr'><strong>go„-</strong></span> 
     </span>
     <span class='ocr_line' id='line_1_33' title="bbox 305 3706 1128 3791; baseline -0.001 -16"><span class='ocrx_word' id='word_1_215' title='bbox 305 3724 308 3729; x_wconf 90' lang='lat'>&#39;</span> <span class='ocrx_word' id='word_1_216' title='bbox 346 3722 418 3775; x_wconf 85' lang='lat' dir='ltr'><strong>mina</strong></span> <span class='ocrx_word' id='word_1_217' title='bbox 434 3734 509 3789; x_wconf 78' lang='lat' dir='ltr'><strong>aona</strong></span> <span class='ocrx_word' id='word_1_218' title='bbox 521 3706 785 3788; x_wconf 62' lang='lat' dir='ltr'><strong>disjungiturssQnare</strong></span> <span class='ocrx_word' id='word_1_219' title='bbox 798 3719 991 3776; x_wconf 84' lang='lat' dir='ltr'><strong>dicendnmest</strong></span> <span class='ocrx_word' id='word_1_220' title='bbox 1002 3721 1093 3791; x_wconf 78' lang='lat' dir='ltr'><strong>impar«</strong></span> <span class='ocrx_word' id='word_1_221' title='bbox 1104 3739 1128 3774; x_wconf 91' lang='lat' dir='ltr'><strong>m</strong></span> 
     </span>
     <span class='ocr_line' id='line_1_34' title="bbox 347 3811 1130 3882; baseline -0.005 -13"><span class='ocrx_word' id='word_1_222' title='bbox 347 3829 497 3878; x_wconf 78' lang='lat' dir='ltr'><strong>nnmerum.</strong></span> <span class='ocrx_word' id='word_1_223' title='bbox 509 3811 628 3881; x_wconf 80' lang='lat' dir='ltr'><strong>ejusdem</strong></span> <span class='ocrx_word' id='word_1_224' title='bbox 641 3821 720 3882; x_wconf 80' lang='lat' dir='ltr'><strong>atquc</strong></span> <span class='ocrx_word' id='word_1_225' title='bbox 731 3813 756 3867; x_wconf 90' lang='lat' dir='ltr'><strong>in</strong></span> <span class='ocrx_word' id='word_1_226' title='bbox 772 3827 819 3868; x_wconf 89' lang='lat' dir='ltr'><strong>sua</strong></span> <span class='ocrx_word' id='word_1_227' title='bbox 836 3828 866 3867; x_wconf 89' lang='lat' dir='ltr'><strong>sc</strong></span> <span class='ocrx_word' id='word_1_228' title='bbox 888 3821 982 3867; x_wconf 88' lang='lat' dir='ltr'><strong>natura</strong></span> <span class='ocrx_word' id='word_1_229' title='bbox 1002 3818 1130 3875; x_wconf 70' lang='lat' dir='ltr'><strong>teneruit,</strong></span> 
     </span>
     <span class='ocr_line' id='line_1_35' title="bbox 344 3903 1130 3973; baseline -0.004 -12"><span class='ocrx_word' id='word_1_230' title='bbox 344 3905 570 3973; x_wconf 80' lang='lat' dir='ltr'><strong>immntrttilisqna</strong></span> <span class='ocrx_word' id='word_1_231' title='bbox 585 3904 743 3959; x_wconf 74' lang='lat' dir='ltr'><strong>substantiae</strong></span> <span class='ocrx_word' id='word_1_232' title='bbox 764 3918 823 3959; x_wconf 86' lang='lat' dir='ltr'><strong>esse</strong></span> <span class='ocrx_word' id='word_1_233' title='bbox 838 3903 993 3973; x_wconf 76' lang='lat' dir='ltr'><strong>participem</strong></span> <span class='ocrx_word' id='word_1_234' title='bbox 1008 3947 1015 3969; x_wconf 84' lang='lat'><strong>‚</strong></span> <span class='ocrx_word' id='word_1_235' title='bbox 1031 3904 1130 3958; x_wconf 88' lang='lat' dir='ltr'><strong>idcireo</strong></span> 
     </span>
     <span class='ocr_line' id='line_1_36' title="bbox 347 3984 1128 4067; baseline 0.001 -19"><span class='ocrx_word' id='word_1_236' title='bbox 347 3984 1128 4067; x_wconf 74' lang='lat' dir='ltr'><strong>tptodabttnilatelormctnr‚paremvcro.alteriuspienttnt</strong></span> 
     </span>
     <span class='ocr_line' id='line_1_37' title="bbox 347 4085 1046 4155; baseline -0.004 -14"><span class='ocrx_word' id='word_1_237' title='bbox 347 4100 405 4142; x_wconf 82' lang='lat' dir='ltr'><strong>tsse</strong></span> <span class='ocrx_word' id='word_1_238' title='bbox 418 4093 528 4147; x_wconf 80' lang='lat' dir='ltr'><strong>ustura,</strong></span> <span class='ocrx_word' id='word_1_239' title='bbox 541 4086 640 4140; x_wconf 90' lang='lat' dir='ltr'><strong>idcirco</strong></span> <span class='ocrx_word' id='word_1_240' title='bbox 652 4087 722 4155; x_wconf 85' lang='lat' dir='ltr'><strong>qnod</strong></span> <span class='ocrx_word' id='word_1_241' title='bbox 734 4101 748 4138; x_wconf 91' lang='lat' dir='ltr'><strong>a</strong></span> <span class='ocrx_word' id='word_1_242' title='bbox 758 4085 885 4140; x_wconf 83' lang='lat' dir='ltr'><strong>dualitate</strong></span> <span class='ocrx_word' id='word_1_243' title='bbox 897 4086 1046 4155; x_wconf 89' lang='lat' dir='ltr'><strong>completor</strong></span> 
     </span>
    </p>
   </div>
   <div class='ocr_carea' id='block_1_10' title="bbox 619 4194 864 4253">
    <p class='ocr_par' dir='ltr' id='par_1_10' title="bbox 619 4194 864 4253">
     <span class='ocr_line' id='line_1_38' title="bbox 619 4194 864 4253; baseline 0.008 -3"><span class='ocrx_word' id='word_1_244' title='bbox 619 4194 731 4253; x_wconf 73' lang='lat' dir='ltr'>CAPUT</span> <span class='ocrx_word' id='word_1_245' title='bbox 747 4196 864 4252; x_wconf 77' lang='lat' dir='ltr'><strong>xxviii.</strong></span> 
     </span>
    </p>
   </div>
   <div class='ocr_carea' id='block_1_11' title="bbox 346 4285 1129 4426">
    <p class='ocr_par' dir='ltr' id='par_1_11' title="bbox 346 4285 1129 4426">
     <span class='ocr_line' id='line_1_39' title="bbox 346 4285 1129 4361; baseline 0.004 -20"><span class='ocrx_word' id='word_1_246' title='bbox 346 4286 466 4361; x_wconf 76' lang='lat' dir='ltr'><strong>Quadra</strong></span> <span class='ocrx_word' id='word_1_247' title='bbox 483 4285 768 4356; x_wconf 67' lang='lat' dir='ltr'><strong>impedimentorum,</strong></span> <span class='ocrx_word' id='word_1_248' title='bbox 784 4303 815 4341; x_wconf 82' lang='lat' dir='ltr'><strong>ca</strong></span> <span class='ocrx_word' id='word_1_249' title='bbox 837 4289 939 4356; x_wconf 83' lang='lat' dir='ltr'><strong>parlim</strong></span> <span class='ocrx_word' id='word_1_250' title='bbox 957 4300 1029 4358; x_wconf 83' lang='lat' dir='ltr'><strong>porto</strong></span> <span class='ocrx_word' id='word_1_251' title='bbox 1048 4292 1129 4345; x_wconf 81' lang='lat' dir='ltr'><strong>ultera</strong></span> 
     </span>
     <span class='ocr_line' id='line_1_40' title="bbox 625 4355 837 4426; baseline 0.009 -18"><span class='ocrx_word' id='word_1_252' title='bbox 625 4355 753 4426; x_wconf 81' lang='lat' dir='ltr'><strong>longiores</strong></span> <span class='ocrx_word' id='word_1_253' title='bbox 764 4356 837 4424; x_wconf 74' lang='lat' dir='ltr'><strong>piant.</strong></span> 
     </span>
    </p>
   </div>
   <div class='ocr_carea' id='block_1_12' title="bbox 341 4444 1128 5063">
    <p class='ocr_par' dir='ltr' id='par_1_12' title="bbox 341 4444 1128 5063">
     <span class='ocr_line' id='line_1_41' title="bbox 378 4444 1126 4518; baseline -0.004 -16"><span class='ocrx_word' id='word_1_254' title='bbox 378 4446 412 4502; x_wconf 82' lang='lat' dir='ltr'><strong>ti</strong></span> <span class='ocrx_word' id='word_1_255' title='bbox 433 4462 496 4502; x_wconf 83' lang='lat' dir='ltr'><strong>sero</strong></span> <span class='ocrx_word' id='word_1_256' title='bbox 511 4445 603 4516; x_wconf 79' lang='lat' dir='ltr'><strong>positis</strong></span> <span class='ocrx_word' id='word_1_257' title='bbox 623 4446 649 4501; x_wconf 92' lang='lat' dir='ltr'><strong>itt</strong></span> <span class='ocrx_word' id='word_1_258' title='bbox 666 4444 787 4500; x_wconf 86' lang='lat' dir='ltr'><strong>ordinem</strong></span> <span class='ocrx_word' id='word_1_259' title='bbox 807 4446 841 4500; x_wconf 90' lang='lat' dir='ltr'><strong>ab</strong></span> <span class='ocrx_word' id='word_1_260' title='bbox 856 4447 957 4504; x_wconf 86' lang='lat' dir='ltr'><strong>unitate</strong></span> <span class='ocrx_word' id='word_1_261' title='bbox 971 4448 1126 4518; x_wconf 59' lang='lat' dir='ltr'><strong>impartitus</strong></span> 
     </span>
     <span class='ocr_line' id='line_1_42' title="bbox 344 4536 1128 4609; baseline 0.003 -16"><span class='ocrx_word' id='word_1_262' title='bbox 344 4538 429 4594; x_wconf 86' lang='lat' dir='ltr'><strong>etsnb</strong></span> <span class='ocrx_word' id='word_1_263' title='bbox 442 4537 509 4593; x_wconf 88' lang='lat' dir='ltr'><strong>ltisa</strong></span> <span class='ocrx_word' id='word_1_264' title='bbox 524 4536 651 4591; x_wconf 80' lang='lat' dir='ltr'><strong>dualitate</strong></span> <span class='ocrx_word' id='word_1_265' title='bbox 671 4536 778 4606; x_wconf 85' lang='lat' dir='ltr'><strong>paribus</strong></span> <span class='ocrx_word' id='word_1_266' title='bbox 795 4537 946 4609; x_wconf 83' lang='lat' dir='ltr'><strong>descriptis,</strong></span> <span class='ocrx_word' id='word_1_267' title='bbox 960 4544 1128 4596; x_wconf 77' lang='lat' dir='ltr'><strong>concertatio</strong></span> 
     </span>
     <span class='ocr_line' id='line_1_43' title="bbox 342 4628 1128 4700; baseline 0.001 -14"><span class='ocrx_word' id='word_1_268' title='bbox 342 4630 485 4700; x_wconf 89' lang='lat' dir='ltr'><strong>imparium</strong></span> <span class='ocrx_word' id='word_1_269' title='bbox 499 4639 651 4700; x_wconf 83' lang='lat' dir='ltr'><strong>tetragonos</strong></span> <span class='ocrx_word' id='word_1_270' title='bbox 667 4628 737 4691; x_wconf 86' lang='lat' dir='ltr'><strong>iacit,</strong></span> <span class='ocrx_word' id='word_1_271' title='bbox 753 4630 922 4685; x_wconf 82' lang='lat' dir='ltr'><strong>coacervatio</strong></span> <span class='ocrx_word' id='word_1_272' title='bbox 937 4630 1039 4700; x_wconf 86' lang='lat' dir='ltr'><strong>parium</strong></span> <span class='ocrx_word' id='word_1_273' title='bbox 1052 4647 1128 4700; x_wconf 85' lang='lat' dir='ltr'><strong>snpe-</strong></span> 
     </span>
     <span class='ocr_line' id='line_1_44' title="bbox 342 4705 1126 4791; baseline 0.003 -17"><span class='ocrx_word' id='word_1_274' title='bbox 342 4722 427 4776; x_wconf 88' lang='lat' dir='ltr'><strong>riores</strong></span> <span class='ocrx_word' id='word_1_275' title='bbox 441 4721 521 4777; x_wconf 85' lang='lat' dir='ltr'><strong>elicit</strong></span> <span class='ocrx_word' id='word_1_276' title='bbox 534 4729 610 4789; x_wconf 87' lang='lat' dir='ltr'><strong>parte</strong></span> <span class='ocrx_word' id='word_1_277' title='bbox 629 4720 712 4775; x_wconf 89' lang='lat' dir='ltr'><strong>altera</strong></span> <span class='ocrx_word' id='word_1_278' title='bbox 729 4705 872 4791; x_wconf 81' lang='lat' dir='ltr'><strong>longiores.</strong></span> <span class='ocrx_word' id='word_1_279' title='bbox 887 4721 986 4788; x_wconf 83' lang='lat' dir='ltr'><strong>Quare,</strong></span> <span class='ocrx_word' id='word_1_280' title='bbox 1002 4724 1126 4791; x_wconf 77' lang='lat' dir='ltr'><strong>quantiam</strong></span> 
     </span>
     <span class='ocr_line' id='line_1_45' title="bbox 342 4809 1127 4880; baseline -0.004 -15"><span class='ocrx_word' id='word_1_281' title='bbox 342 4818 540 4880; x_wconf 72' lang='lat' dir='ltr'><strong>tetragonorum</strong></span> <span class='ocrx_word' id='word_1_282' title='bbox 565 4810 621 4864; x_wconf 80' lang='lat' dir='ltr'><strong>imo</strong></span> <span class='ocrx_word' id='word_1_283' title='bbox 644 4819 736 4863; x_wconf 90' lang='lat' dir='ltr'><strong>natura</strong></span> <span class='ocrx_word' id='word_1_284' title='bbox 754 4820 806 4874; x_wconf 88' lang='lat' dir='ltr'><strong>cst,</strong></span> <span class='ocrx_word' id='word_1_285' title='bbox 828 4818 855 4864; x_wconf 93' lang='lat' dir='ltr'><strong>ut</strong></span> <span class='ocrx_word' id='word_1_286' title='bbox 874 4816 902 4863; x_wconf 88' lang='lat' dir='ltr'><strong>et</strong></span> <span class='ocrx_word' id='word_1_287' title='bbox 922 4810 956 4864; x_wconf 89' lang='lat' dir='ltr'><strong>ab</strong></span> <span class='ocrx_word' id='word_1_288' title='bbox 980 4809 1127 4879; x_wconf 71' lang='lat' dir='ltr'><strong>impariles</strong></span> 
     </span>
     <span class='ocr_line' id='line_1_46' title="bbox 342 4899 1127 4969; baseline -0.001 -15"><span class='ocrx_word' id='word_1_289' title='bbox 342 4909 536 4969; x_wconf 85' lang='lat' dir='ltr'><strong>procreentur,</strong></span> <span class='ocrx_word' id='word_1_290' title='bbox 559 4900 687 4968; x_wconf 86' lang='lat' dir='ltr'><strong>quisunt</strong></span> <span class='ocrx_word' id='word_1_291' title='bbox 718 4899 830 4953; x_wconf 86' lang='lat' dir='ltr'><strong>unitatis</strong></span> <span class='ocrx_word' id='word_1_292' title='bbox 852 4899 1012 4969; x_wconf 88' lang='lat' dir='ltr'><strong>participes,</strong></span> <span class='ocrx_word' id='word_1_293' title='bbox 1039 4901 1063 4953; x_wconf 92' lang='lat' dir='ltr'><strong>id</strong></span> <span class='ocrx_word' id='word_1_294' title='bbox 1086 4913 1127 4954; x_wconf 82' lang='lat' dir='ltr'><strong>est</strong></span> 
     </span>
     <span class='ocr_line' id='line_1_47' title="bbox 341 4990 1127 5063; baseline -0.005 -14"><span class='ocrx_word' id='word_1_295' title='bbox 341 4994 460 5063; x_wconf 84' lang='lat' dir='ltr'><strong>ejusdem</strong></span> <span class='ocrx_word' id='word_1_296' title='bbox 477 4990 702 5059; x_wconf 69' lang='lat' dir='ltr'><strong>immutabilisque</strong></span> <span class='ocrx_word' id='word_1_297' title='bbox 715 4990 881 5059; x_wconf 75' lang='lat' dir='ltr'><strong>substantia,</strong></span> <span class='ocrx_word' id='word_1_298' title='bbox 896 4990 1053 5060; x_wconf 86' lang='lat' dir='ltr'><strong>cunctisque</strong></span> <span class='ocrx_word' id='word_1_299' title='bbox 1067 5007 1127 5059; x_wconf 77' lang='lat' dir='ltr'><strong>pat·-</strong></span> 
     </span>
    </p>
   </div>
   <div class='ocr_carea' id='block_1_13' title="bbox 342 5078 1172 5150">
    <p class='ocr_par' dir='ltr' id='par_1_13' title="bbox 342 5078 1172 5150">
     <span class='ocr_line' id='line_1_48' title="bbox 342 5078 1172 5150; baseline -0.004 -12"><span class='ocrx_word' id='word_1_300' title='bbox 342 5083 412 5138; x_wconf 90' lang='lat' dir='ltr'><strong>tibus</strong></span> <span class='ocrx_word' id='word_1_301' title='bbox 432 5082 487 5135; x_wconf 87' lang='lat' dir='ltr'><strong>suis</strong></span> <span class='ocrx_word' id='word_1_302' title='bbox 502 5078 617 5149; x_wconf 79' lang='lat' dir='ltr'><strong>aequales</strong></span> <span class='ocrx_word' id='word_1_303' title='bbox 632 5080 695 5143; x_wconf 77' lang='lat' dir='ltr'><strong>sirit,</strong></span> <span class='ocrx_word' id='word_1_304' title='bbox 713 5081 783 5149; x_wconf 78' lang='lat' dir='ltr'><strong>qnod</strong></span> <span class='ocrx_word' id='word_1_305' title='bbox 807 5088 835 5136; x_wconf 88' lang='lat' dir='ltr'><strong>et</strong></span> <span class='ocrx_word' id='word_1_306' title='bbox 855 5080 943 5150; x_wconf 87' lang='lat' dir='ltr'><strong>anguli</strong></span> <span class='ocrx_word' id='word_1_307' title='bbox 961 5082 1083 5150; x_wconf 80' lang='lat' dir='ltr'><strong>angulis.</strong></span> <span class='ocrx_word' id='word_1_308' title='bbox 1101 5093 1128 5137; x_wconf 90' lang='lat' dir='ltr'><strong>ct</strong></span> <span class='ocrx_word' id='word_1_309' title='bbox 1168 5080 1172 5085; x_wconf 79' lang='grc'><em>“</em></span> 
     </span>
    </p>
   </div>
   <div class='ocr_carea' id='block_1_14' title="bbox 340 5168 1127 5770">
    <p class='ocr_par' dir='ltr' id='par_1_14' title="bbox 340 5168 1127 5770">
     <span class='ocr_line' id='line_1_49' title="bbox 341 5168 1125 5239; baseline 0 -12"><span class='ocrx_word' id='word_1_310' title='bbox 341 5172 424 5229; x_wconf 89' lang='lat' dir='ltr'><strong>latera</strong></span> <span class='ocrx_word' id='word_1_311' title='bbox 437 5170 574 5237; x_wconf 86' lang='lat' dir='ltr'><strong>latoribus,</strong></span> <span class='ocrx_word' id='word_1_312' title='bbox 591 5177 618 5224; x_wconf 90' lang='lat' dir='ltr'><strong>ct</strong></span> <span class='ocrx_word' id='word_1_313' title='bbox 635 5168 792 5239; x_wconf 75' lang='lat' dir='ltr'><strong>longitudini</strong></span> <span class='ocrx_word' id='word_1_314' title='bbox 813 5182 923 5238; x_wconf 91' lang='lat' dir='ltr'><strong>compar</strong></span> <span class='ocrx_word' id='word_1_315' title='bbox 940 5175 982 5224; x_wconf 89' lang='lat' dir='ltr'><strong>est</strong></span> <span class='ocrx_word' id='word_1_316' title='bbox 1002 5169 1039 5224; x_wconf 92' lang='lat' dir='ltr'><strong>lat</strong></span> <span class='ocrx_word' id='word_1_317' title='bbox 1050 5176 1125 5236; x_wconf 88' lang='lat' dir='ltr'><strong>tuto,</strong></span> 
     </span>
     <span class='ocr_line' id='line_1_50' title="bbox 341 5255 1127 5330; baseline -0.004 -14"><span class='ocrx_word' id='word_1_318' title='bbox 341 5260 483 5317; x_wconf 88' lang='lat' dir='ltr'><strong>dicendum</strong></span> <span class='ocrx_word' id='word_1_319' title='bbox 500 5268 540 5316; x_wconf 87' lang='lat' dir='ltr'><strong>cst</strong></span> <span class='ocrx_word' id='word_1_320' title='bbox 563 5256 711 5330; x_wconf 84' lang='lat' dir='ltr'><strong>ltujosutodi</strong></span> <span class='ocrx_word' id='word_1_321' title='bbox 736 5270 861 5312; x_wconf 88' lang='lat' dir='ltr'><strong>numeros</strong></span> <span class='ocrx_word' id='word_1_322' title='bbox 883 5255 1001 5325; x_wconf 86' lang='lat' dir='ltr'><strong>ejusdcm</strong></span> <span class='ocrx_word' id='word_1_323' title='bbox 1026 5269 1127 5313; x_wconf 80' lang='lat' dir='ltr'><strong>nature</strong></span> 
     </span>
     <span class='ocr_line' id='line_1_51' title="bbox 340 5344 1127 5423; baseline -0.008 -15"><span class='ocrx_word' id='word_1_324' title='bbox 340 5363 421 5423; x_wconf 76' lang='lat' dir='ltr'><strong>atque</strong></span> <span class='ocrx_word' id='word_1_325' title='bbox 442 5349 613 5404; x_wconf 83' lang='lat' dir='ltr'><strong>immutabilis</strong></span> <span class='ocrx_word' id='word_1_326' title='bbox 626 5346 784 5402; x_wconf 79' lang='lat' dir='ltr'><strong>substantiae</strong></span> <span class='ocrx_word' id='word_1_327' title='bbox 808 5345 961 5416; x_wconf 88' lang='lat' dir='ltr'><strong>participes.</strong></span> <span class='ocrx_word' id='word_1_328' title='bbox 985 5344 1048 5403; x_wconf 88' lang='lat' dir='ltr'><strong>illos</strong></span> <span class='ocrx_word' id='word_1_329' title='bbox 1063 5364 1127 5402; x_wconf 87' lang='lat' dir='ltr'><strong>rero</strong></span> 
     </span>
     <span class='ocr_line' id='line_1_52' title="bbox 341 5436 1125 5510; baseline -0.005 -13"><span class='ocrx_word' id='word_1_330' title='bbox 341 5458 478 5506; x_wconf 81' lang='lat' dir='ltr'><strong>numeros,</strong></span> <span class='ocrx_word' id='word_1_331' title='bbox 497 5455 565 5510; x_wconf 77' lang='lat' dir='ltr'><strong>qutts</strong></span> <span class='ocrx_word' id='word_1_332' title='bbox 580 5449 654 5506; x_wconf 89' lang='lat' dir='ltr'><strong>parte</strong></span> <span class='ocrx_word' id='word_1_333' title='bbox 675 5438 759 5492; x_wconf 89' lang='lat' dir='ltr'><strong>altera</strong></span> <span class='ocrx_word' id='word_1_334' title='bbox 780 5436 914 5507; x_wconf 79' lang='lat' dir='ltr'><strong>longiores</strong></span> <span class='ocrx_word' id='word_1_335' title='bbox 929 5440 1125 5508; x_wconf 75' lang='lat' dir='ltr'><strong>pannosorum,</strong></span> 
     </span>
     <span class='ocr_line' id='line_1_53' title="bbox 341 5525 1126 5598; baseline -0.004 -11"><span class='ocrx_word' id='word_1_336' title='bbox 341 5525 1126 5598; x_wconf 78' lang='lat' dir='ltr'><strong>atteriusoieemasessesunstamia.Namquemadmodum</strong></span> 
     </span>
     <span class='ocr_line' id='line_1_54' title="bbox 342 5615 1125 5681; baseline 0 -7"><span class='ocrx_word' id='word_1_337' title='bbox 342 5638 410 5675; x_wconf 78' lang='lat' dir='ltr'><strong>tritos</strong></span> <span class='ocrx_word' id='word_1_338' title='bbox 424 5635 439 5674; x_wconf 88' lang='lat' dir='ltr'><strong>a</strong></span> <span class='ocrx_word' id='word_1_339' title='bbox 451 5619 552 5674; x_wconf 71' lang='lat' dir='ltr'><strong>¹inaltus</strong></span> <span class='ocrx_word' id='word_1_340' title='bbox 564 5633 617 5674; x_wconf 92' lang='lat' dir='ltr'><strong>utto</strong></span> <span class='ocrx_word' id='word_1_341' title='bbox 633 5626 734 5672; x_wconf 92' lang='lat' dir='ltr'><strong>tantum</strong></span> <span class='ocrx_word' id='word_1_342' title='bbox 744 5615 811 5671; x_wconf 90' lang='lat' dir='ltr'><strong>alter</strong></span> <span class='ocrx_word' id='word_1_343' title='bbox 824 5626 876 5681; x_wconf 83' lang='lat' dir='ltr'><strong>est,</strong></span> <span class='ocrx_word' id='word_1_344' title='bbox 888 5616 926 5671; x_wconf 86' lang='lat' dir='ltr'><strong>sic</strong></span> <span class='ocrx_word' id='word_1_345' title='bbox 937 5618 1031 5673; x_wconf 88' lang='lat' dir='ltr'><strong>ltorum</strong></span> <span class='ocrx_word' id='word_1_346' title='bbox 1045 5619 1125 5674; x_wconf 88' lang='lat' dir='ltr'><strong>latera</strong></span> 
     </span>
     <span class='ocr_line' id='line_1_55' title="bbox 345 5707 1126 5770; baseline 0.005 -10"><span class='ocrx_word' id='word_1_347' title='bbox 345 5722 403 5762; x_wconf 83' lang='lat' dir='ltr'><strong>ase</strong></span> <span class='ocrx_word' id='word_1_348' title='bbox 418 5716 518 5763; x_wconf 88' lang='lat' dir='ltr'><strong>tanturn</strong></span> <span class='ocrx_word' id='word_1_349' title='bbox 539 5724 591 5761; x_wconf 90' lang='lat' dir='ltr'><strong>uno</strong></span> <span class='ocrx_word' id='word_1_350' title='bbox 616 5717 676 5762; x_wconf 88' lang='lat' dir='ltr'><strong>snm</strong></span> <span class='ocrx_word' id='word_1_351' title='bbox 701 5707 794 5763; x_wconf 85' lang='lat' dir='ltr'><strong>altera.</strong></span> <span class='ocrx_word' id='word_1_352' title='bbox 809 5715 835 5761; x_wconf 89' lang='lat' dir='ltr'><strong>ct</strong></span> <span class='ocrx_word' id='word_1_353' title='bbox 857 5722 909 5763; x_wconf 89' lang='lat' dir='ltr'><strong>una</strong></span> <span class='ocrx_word' id='word_1_354' title='bbox 927 5717 1027 5770; x_wconf 89' lang='lat' dir='ltr'><strong>tantum</strong></span> <span class='ocrx_word' id='word_1_355' title='bbox 1049 5708 1126 5764; x_wconf 87' lang='lat' dir='ltr'><strong>dilic-</strong></span> 
     </span>
    </p>
   </div>
   <div class='ocr_carea' id='block_1_15' title="bbox 1182 538 1976 608">
    <p class='ocr_par' dir='ltr' id='par_1_15' title="bbox 1182 538 1976 608">
     <span class='ocr_line' id='line_1_56' title="bbox 1182 538 1976 608; baseline 0.003 -15"><span class='ocrx_word' id='word_1_356' title='bbox 1182 553 1237 593; x_wconf 92' lang='lat' dir='ltr'><strong>uno</strong></span> <span class='ocrx_word' id='word_1_357' title='bbox 1251 541 1375 607; x_wconf 85' lang='lat' dir='ltr'><strong>impares.</strong></span> <span class='ocrx_word' id='word_1_358' title='bbox 1391 548 1417 593; x_wconf 83' lang='lat' dir='ltr'><strong>et</strong></span> <span class='ocrx_word' id='word_1_359' title='bbox 1428 539 1477 590; x_wconf 78' lang='lat' dir='ltr'><strong>snit</strong></span> <span class='ocrx_word' id='word_1_360' title='bbox 1489 538 1976 608; x_wconf 82' lang='lat' dir='ltr'><strong>itisontnesaltinarionttmeroptres.</strong></span> 
     </span>
    </p>
   </div>
   <div class='ocr_carea' id='block_1_16' title="bbox 1184 736 1874 831">
    <p class='ocr_par' dir='ltr' id='par_1_16' title="bbox 1184 736 1874 831">
     <span class='ocr_line' id='line_1_57' title="bbox 1184 736 1874 831; baseline 0.004 -35"><span class='ocrx_word' id='word_1_361' title='bbox 1184 738 1394 831; x_wconf 43' lang='lat'><strong>„3¹⁴</strong></span> <span class='ocrx_word' id='word_1_362' title='bbox 1471 736 1778 815; x_wconf 73' lang='lat' dir='ltr'><strong>otsptotts</strong></span> <span class='ocrx_word' id='word_1_363' title='bbox 1846 751 1874 799; x_wconf 87' lang='lat' dir='ltr'><strong>tt</strong></span> 
     </span>
    </p>
   </div>
   <div class='ocr_carea' id='block_1_17' title="bbox 1179 874 1978 1761">
    <p class='ocr_par' dir='ltr' id='par_1_17' title="bbox 1179 874 1978 1761">
     <span class='ocr_line' id='line_1_58' title="bbox 1181 874 1976 945; baseline 0.003 -16"><span class='ocrx_word' id='word_1_364' title='bbox 1181 875 1229 929; x_wconf 84' lang='lat' dir='ltr'><strong>Est</strong></span> <span class='ocrx_word' id='word_1_365' title='bbox 1246 891 1311 945; x_wconf 91' lang='lat' dir='ltr'><strong>ergo</strong></span> <span class='ocrx_word' id='word_1_366' title='bbox 1327 875 1451 945; x_wconf 82' lang='lat' dir='ltr'><strong>princeps</strong></span> <span class='ocrx_word' id='word_1_367' title='bbox 1465 875 1578 945; x_wconf 82' lang='lat' dir='ltr'><strong>imparis</strong></span> <span class='ocrx_word' id='word_1_368' title='bbox 1591 874 1705 939; x_wconf 85' lang='lat' dir='ltr'><strong>ordinis,</strong></span> <span class='ocrx_word' id='word_1_369' title='bbox 1722 876 1821 942; x_wconf 73' lang='lat' dir='ltr'><strong>nnius.</strong></span> <span class='ocrx_word' id='word_1_370' title='bbox 1838 891 1899 945; x_wconf 79' lang='lat' dir='ltr'><strong>ottae</strong></span> <span class='ocrx_word' id='word_1_371' title='bbox 1914 876 1976 944; x_wconf 87' lang='lat' dir='ltr'><strong>ipss</strong></span> 
     </span>
     <span class='ocr_line' id='line_1_59' title="bbox 1179 965 1978 1036; baseline 0 -13"><span class='ocrx_word' id='word_1_372' title='bbox 1179 966 1286 1036; x_wconf 79' lang='lat' dir='ltr'><strong>guidem</strong></span> <span class='ocrx_word' id='word_1_373' title='bbox 1297 966 1419 1023; x_wconf 78' lang='lat' dir='ltr'><strong>ellectrit</strong></span> <span class='ocrx_word' id='word_1_374' title='bbox 1434 974 1462 1022; x_wconf 89' lang='lat' dir='ltr'><strong>et</strong></span> <span class='ocrx_word' id='word_1_375' title='bbox 1473 965 1673 1036; x_wconf 74' lang='lat' dir='ltr'><strong>quodammodo</strong></span> <span class='ocrx_word' id='word_1_376' title='bbox 1687 966 1771 1021; x_wconf 88' lang='lat' dir='ltr'><strong>lormt</strong></span> <span class='ocrx_word' id='word_1_377' title='bbox 1792 967 1915 1035; x_wconf 69' lang='lat' dir='ltr'><strong>oudam</strong></span> <span class='ocrx_word' id='word_1_378' title='bbox 1932 980 1978 1023; x_wconf 85' lang='lat' dir='ltr'><strong>est</strong></span> 
     </span>
     <span class='ocr_line' id='line_1_60' title="bbox 1180 1053 1977 1126; baseline 0 -15"><span class='ocrx_word' id='word_1_379' title='bbox 1180 1053 1352 1126; x_wconf 66' lang='lat' dir='ltr'><strong>imparitatis.</strong></span> <span class='ocrx_word' id='word_1_380' title='bbox 1378 1055 1445 1121; x_wconf 79' lang='lat' dir='ltr'><strong>Quae</strong></span> <span class='ocrx_word' id='word_1_381' title='bbox 1470 1054 1602 1113; x_wconf 86' lang='lat' dir='ltr'><strong>intantum</strong></span> <span class='ocrx_word' id='word_1_382' title='bbox 1626 1053 1748 1123; x_wconf 79' lang='lat' dir='ltr'><strong>eiusdem</strong></span> <span class='ocrx_word' id='word_1_383' title='bbox 1764 1068 1813 1109; x_wconf 79' lang='lat' dir='ltr'><strong>rec</strong></span> <span class='ocrx_word' id='word_1_384' title='bbox 1835 1056 1977 1111; x_wconf 66' lang='lat' dir='ltr'><strong>motabile</strong></span> 
     </span>
     <span class='ocr_line' id='line_1_61' title="bbox 1179 1146 1975 1216; baseline 0.004 -16"><span class='ocrx_word' id='word_1_385' title='bbox 1179 1146 1336 1201; x_wconf 73' lang='lat' dir='ltr'><strong>sonatsonat</strong></span> <span class='ocrx_word' id='word_1_386' title='bbox 1346 1155 1398 1211; x_wconf 80' lang='lat' dir='ltr'><strong>est,</strong></span> <span class='ocrx_word' id='word_1_387' title='bbox 1412 1154 1441 1201; x_wconf 91' lang='lat' dir='ltr'><strong>ut</strong></span> <span class='ocrx_word' id='word_1_388' title='bbox 1452 1161 1513 1202; x_wconf 88' lang='lat' dir='ltr'><strong>com</strong></span> <span class='ocrx_word' id='word_1_389' title='bbox 1533 1146 1576 1201; x_wconf 84' lang='lat' dir='ltr'><strong>rel</strong></span> <span class='ocrx_word' id='word_1_390' title='bbox 1592 1146 1708 1215; x_wconf 82' lang='lat' dir='ltr'><strong>seipssm</strong></span> <span class='ocrx_word' id='word_1_391' title='bbox 1733 1146 1975 1216; x_wconf 77' lang='lat' dir='ltr'><strong>multiplicaverit.</strong></span> 
     </span>
     <span class='ocr_line' id='line_1_62' title="bbox 1179 1236 1975 1306; baseline -0.003 -11"><span class='ocrx_word' id='word_1_392' title='bbox 1179 1238 1221 1295; x_wconf 80' lang='lat' dir='ltr'><strong>vei</strong></span> <span class='ocrx_word' id='word_1_393' title='bbox 1233 1238 1260 1292; x_wconf 92' lang='lat' dir='ltr'><strong>in</strong></span> <span class='ocrx_word' id='word_1_394' title='bbox 1274 1237 1450 1306; x_wconf 83' lang='lat' dir='ltr'><strong>planitudine,</strong></span> <span class='ocrx_word' id='word_1_395' title='bbox 1465 1237 1509 1293; x_wconf 83' lang='lat' dir='ltr'><strong>rol</strong></span> <span class='ocrx_word' id='word_1_396' title='bbox 1531 1237 1559 1291; x_wconf 90' lang='lat' dir='ltr'><strong>io</strong></span> <span class='ocrx_word' id='word_1_397' title='bbox 1581 1236 1775 1306; x_wconf 83' lang='lat' dir='ltr'><strong>prolanditate.</strong></span> <span class='ocrx_word' id='word_1_398' title='bbox 1790 1238 1832 1293; x_wconf 87' lang='lat' dir='ltr'><strong>rel</strong></span> <span class='ocrx_word' id='word_1_399' title='bbox 1850 1239 1874 1293; x_wconf 89' lang='lat' dir='ltr'><strong>si</strong></span> <span class='ocrx_word' id='word_1_400' title='bbox 1889 1238 1975 1294; x_wconf 80' lang='lat' dir='ltr'><strong>aliatus</strong></span> 
     </span>
     <span class='ocr_line' id='line_1_63' title="bbox 1181 1326 1974 1402; baseline 0.001 -21"><span class='ocrx_word' id='word_1_401' title='bbox 1181 1328 1326 1402; x_wconf 72' lang='lat' dir='ltr'><strong>quemlibet</strong></span> <span class='ocrx_word' id='word_1_402' title='bbox 1339 1342 1478 1383; x_wconf 89' lang='lat' dir='ltr'><strong>nomemm</strong></span> <span class='ocrx_word' id='word_1_403' title='bbox 1491 1340 1539 1397; x_wconf 87' lang='lat' dir='ltr'><strong>per</strong></span> <span class='ocrx_word' id='word_1_404' title='bbox 1551 1326 1666 1396; x_wconf 81' lang='lat' dir='ltr'><strong>seipsam</strong></span> <span class='ocrx_word' id='word_1_405' title='bbox 1678 1326 1848 1395; x_wconf 82' lang='lat' dir='ltr'><strong>multiplicet.</strong></span> <span class='ocrx_word' id='word_1_406' title='bbox 1863 1342 1880 1381; x_wconf 86' lang='lat' dir='ltr'><strong>a</strong></span> <span class='ocrx_word' id='word_1_407' title='bbox 1898 1327 1974 1397; x_wconf 90' lang='lat' dir='ltr'><strong>prio·</strong></span> 
     </span>
     <span class='ocr_line' id='line_1_64' title="bbox 1182 1417 1972 1489; baseline -0.003 -15"><span class='ocrx_word' id='word_1_408' title='bbox 1182 1419 1220 1474; x_wconf 87' lang='lat' dir='ltr'><strong>ris</strong></span> <span class='ocrx_word' id='word_1_409' title='bbox 1228 1418 1381 1489; x_wconf 70' lang='lat' dir='ltr'><strong>guandalis</strong></span> <span class='ocrx_word' id='word_1_410' title='bbox 1393 1417 1475 1473; x_wconf 86' lang='lat' dir='ltr'><strong>lormn</strong></span> <span class='ocrx_word' id='word_1_411' title='bbox 1487 1433 1541 1475; x_wconf 92' lang='lat' dir='ltr'><strong>non</strong></span> <span class='ocrx_word' id='word_1_412' title='bbox 1555 1417 1702 1489; x_wconf 83' lang='lat' dir='ltr'><strong>discrepet.</strong></span> <span class='ocrx_word' id='word_1_413' title='bbox 1716 1418 1836 1489; x_wconf 76' lang='lat' dir='ltr'><strong>Namque</strong></span> <span class='ocrx_word' id='word_1_414' title='bbox 1849 1420 1873 1475; x_wconf 89' lang='lat' dir='ltr'><strong>si</strong></span> <span class='ocrx_word' id='word_1_415' title='bbox 1888 1436 1972 1474; x_wconf 74' lang='lat' dir='ltr'><strong>onaan</strong></span> 
     </span>
     <span class='ocr_line' id='line_1_65' title="bbox 1180 1508 1973 1572; baseline -0.001 -6"><span class='ocrx_word' id='word_1_416' title='bbox 1180 1511 1263 1567; x_wconf 90' lang='lat' dir='ltr'><strong>semei</strong></span> <span class='ocrx_word' id='word_1_417' title='bbox 1278 1510 1371 1571; x_wconf 80' lang='lat' dir='ltr'><strong>iacies,</strong></span> <span class='ocrx_word' id='word_1_418' title='bbox 1381 1510 1422 1563; x_wconf 87' lang='lat' dir='ltr'><strong>ret</strong></span> <span class='ocrx_word' id='word_1_419' title='bbox 1432 1510 1454 1563; x_wconf 91' lang='lat' dir='ltr'><strong>si</strong></span> <span class='ocrx_word' id='word_1_420' title='bbox 1469 1510 1551 1564; x_wconf 78' lang='lat' dir='ltr'><strong>semet</strong></span> <span class='ocrx_word' id='word_1_421' title='bbox 1562 1522 1644 1563; x_wconf 89' lang='lat' dir='ltr'><strong>annm</strong></span> <span class='ocrx_word' id='word_1_422' title='bbox 1659 1509 1753 1572; x_wconf 70' lang='lat' dir='ltr'><strong>semel</strong></span> <span class='ocrx_word' id='word_1_423' title='bbox 1768 1510 1809 1565; x_wconf 84' lang='lat' dir='ltr'><strong>tel</strong></span> <span class='ocrx_word' id='word_1_424' title='bbox 1823 1510 1848 1563; x_wconf 89' lang='lat' dir='ltr'><strong>si</strong></span> <span class='ocrx_word' id='word_1_425' title='bbox 1863 1508 1917 1563; x_wconf 82' lang='lat' dir='ltr'><strong>dno</strong></span> <span class='ocrx_word' id='word_1_426' title='bbox 1929 1526 1973 1565; x_wconf 85' lang='lat' dir='ltr'><strong>se-</strong></span> 
     </span>
     <span class='ocr_line' id='line_1_66' title="bbox 1181 1600 1973 1673; baseline 0.001 -18"><span class='ocrx_word' id='word_1_427' title='bbox 1181 1601 1245 1664; x_wconf 86' lang='lat' dir='ltr'><strong>mel,</strong></span> <span class='ocrx_word' id='word_1_428' title='bbox 1262 1603 1302 1656; x_wconf 87' lang='lat' dir='ltr'><strong>rel</strong></span> <span class='ocrx_word' id='word_1_429' title='bbox 1317 1601 1340 1654; x_wconf 85' lang='lat' dir='ltr'><strong>si</strong></span> <span class='ocrx_word' id='word_1_430' title='bbox 1356 1608 1411 1655; x_wconf 85' lang='lat' dir='ltr'><strong>tres</strong></span> <span class='ocrx_word' id='word_1_431' title='bbox 1434 1600 1529 1664; x_wconf 87' lang='lat' dir='ltr'><strong>semel,</strong></span> <span class='ocrx_word' id='word_1_432' title='bbox 1545 1600 1588 1654; x_wconf 85' lang='lat' dir='ltr'><strong>rel</strong></span> <span class='ocrx_word' id='word_1_433' title='bbox 1599 1601 1623 1654; x_wconf 90' lang='lat' dir='ltr'><strong>si</strong></span> <span class='ocrx_word' id='word_1_434' title='bbox 1643 1609 1759 1673; x_wconf 75' lang='lat' dir='ltr'><strong>gnstsor</strong></span> <span class='ocrx_word' id='word_1_435' title='bbox 1781 1600 1877 1663; x_wconf 81' lang='lat' dir='ltr'><strong>semel,</strong></span> <span class='ocrx_word' id='word_1_436' title='bbox 1892 1603 1936 1656; x_wconf 82' lang='lat' dir='ltr'><strong>rei</strong></span> <span class='ocrx_word' id='word_1_437' title='bbox 1951 1603 1973 1656; x_wconf 92' lang='lat' dir='ltr'><strong>si</strong></span> 
     </span>
     <span class='ocr_line' id='line_1_67' title="bbox 1180 1691 1973 1761; baseline 0 -15"><span class='ocrx_word' id='word_1_438' title='bbox 1180 1692 1322 1760; x_wconf 79' lang='lat' dir='ltr'><strong>ocentiam</strong></span> <span class='ocrx_word' id='word_1_439' title='bbox 1343 1693 1424 1746; x_wconf 77' lang='lat' dir='ltr'><strong>alium</strong></span> <span class='ocrx_word' id='word_1_440' title='bbox 1445 1704 1584 1746; x_wconf 86' lang='lat' dir='ltr'><strong>numerum</strong></span> <span class='ocrx_word' id='word_1_441' title='bbox 1599 1691 1771 1761; x_wconf 83' lang='lat' dir='ltr'><strong>multiplicet,</strong></span> <span class='ocrx_word' id='word_1_442' title='bbox 1790 1707 1804 1743; x_wconf 84' lang='lat' dir='ltr'><strong>s</strong></span> <span class='ocrx_word' id='word_1_443' title='bbox 1823 1695 1973 1761; x_wconf 70' lang='lat' dir='ltr'><strong>ottantltste</strong></span> 
     </span>
    </p>
   </div>
   <div class='ocr_carea' id='block_1_18' title="bbox 1117 1782 1972 1875">
    <p class='ocr_par' dir='ltr' id='par_1_18' title="bbox 1117 1782 1972 1875">
     <span class='ocr_line' id='line_1_68' title="bbox 1117 1782 1972 1875; baseline 0.005 -41"><span class='ocrx_word' id='word_1_444' title='bbox 1117 1796 1228 1875; x_wconf 43' lang='grc' dir='ltr'><strong>ε,Βειιε</strong></span> <span class='ocrx_word' id='word_1_445' title='bbox 1244 1783 1267 1838; x_wconf 90' lang='lat' dir='ltr'><strong>is</strong></span> <span class='ocrx_word' id='word_1_446' title='bbox 1277 1796 1357 1851; x_wconf 78' lang='lat' dir='ltr'><strong>qoem</strong></span> <span class='ocrx_word' id='word_1_447' title='bbox 1376 1782 1538 1851; x_wconf 83' lang='lat' dir='ltr'><strong>multiplicat</strong></span> <span class='ocrx_word' id='word_1_448' title='bbox 1551 1796 1680 1837; x_wconf 85' lang='lat' dir='ltr'><strong>numerus</strong></span> <span class='ocrx_word' id='word_1_449' title='bbox 1697 1796 1750 1836; x_wconf 90' lang='lat' dir='ltr'><strong>noo</strong></span> <span class='ocrx_word' id='word_1_450' title='bbox 1766 1782 1880 1848; x_wconf 87' lang='lat' dir='ltr'><strong>recedit,</strong></span> <span class='ocrx_word' id='word_1_451' title='bbox 1900 1784 1972 1851; x_wconf 82' lang='lat' dir='ltr'><strong>otrod</strong></span> 
     </span>
    </p>
   </div>
   <div class='ocr_carea' id='block_1_19' title="bbox 1180 1872 1972 3116">
    <p class='ocr_par' dir='ltr' id='par_1_19' title="bbox 1180 1872 1972 3116">
     <span class='ocr_line' id='line_1_69' title="bbox 1182 1872 1972 1942; baseline 0.003 -15"><span class='ocrx_word' id='word_1_452' title='bbox 1182 1872 1493 1928; x_wconf 71' lang='lat' dir='ltr'><strong>comarumcomarum</strong></span> <span class='ocrx_word' id='word_1_453' title='bbox 1507 1887 1560 1928; x_wconf 91' lang='lat' dir='ltr'><strong>ttott</strong></span> <span class='ocrx_word' id='word_1_454' title='bbox 1574 1880 1661 1942; x_wconf 88' lang='lat' dir='ltr'><strong>potest</strong></span> <span class='ocrx_word' id='word_1_455' title='bbox 1673 1872 1799 1927; x_wconf 81' lang='lat' dir='ltr'><strong>inveniri.</strong></span> <span class='ocrx_word' id='word_1_456' title='bbox 1815 1873 1894 1927; x_wconf 80' lang='lat' dir='ltr'><strong>tsrts</strong></span> <span class='ocrx_word' id='word_1_457' title='bbox 1904 1889 1972 1929; x_wconf 81' lang='lat' dir='ltr'><strong>vero</strong></span> 
     </span>
     <span class='ocr_line' id='line_1_70' title="bbox 1182 1962 1972 2031; baseline -0.004 -13"><span class='ocrx_word' id='word_1_458' title='bbox 1182 1963 1294 2028; x_wconf 73' lang='lat' dir='ltr'><strong>ordinis.</strong></span> <span class='ocrx_word' id='word_1_459' title='bbox 1307 1962 1425 2017; x_wconf 85' lang='lat' dir='ltr'><strong>binarius</strong></span> <span class='ocrx_word' id='word_1_460' title='bbox 1436 1976 1565 2021; x_wconf 88' lang='lat' dir='ltr'><strong>nurneros</strong></span> <span class='ocrx_word' id='word_1_461' title='bbox 1579 1962 1704 2031; x_wconf 85' lang='lat' dir='ltr'><strong>princeps</strong></span> <span class='ocrx_word' id='word_1_462' title='bbox 1716 1970 1769 2025; x_wconf 80' lang='lat' dir='ltr'><strong>est,</strong></span> <span class='ocrx_word' id='word_1_463' title='bbox 1782 1976 1843 2031; x_wconf 76' lang='lat' dir='ltr'><strong>guar</strong></span> <span class='ocrx_word' id='word_1_464' title='bbox 1855 1963 1972 2017; x_wconf 79' lang='lat' dir='ltr'><strong>daa&#39;itss</strong></span> 
     </span>
     <span class='ocr_line' id='line_1_71' title="bbox 1181 2050 1970 2120; baseline -0.005 -13"><span class='ocrx_word' id='word_1_465' title='bbox 1181 2066 1243 2107; x_wconf 87' lang='lat' dir='ltr'><strong>cum</strong></span> <span class='ocrx_word' id='word_1_466' title='bbox 1257 2052 1282 2106; x_wconf 94' lang='lat' dir='ltr'><strong>itt</strong></span> <span class='ocrx_word' id='word_1_467' title='bbox 1296 2052 1391 2108; x_wconf 76' lang='lat' dir='ltr'><strong>aridem</strong></span> <span class='ocrx_word' id='word_1_468' title='bbox 1405 2050 1499 2106; x_wconf 88' lang='lat' dir='ltr'><strong>ordine</strong></span> <span class='ocrx_word' id='word_1_469' title='bbox 1513 2052 1634 2120; x_wconf 85' lang='lat' dir='ltr'><strong>paritatis</strong></span> <span class='ocrx_word' id='word_1_470' title='bbox 1654 2052 1701 2119; x_wconf 84' lang='lat' dir='ltr'><strong>sit,</strong></span> <span class='ocrx_word' id='word_1_471' title='bbox 1727 2061 1782 2105; x_wconf 92' lang='lat' dir='ltr'><strong>tum</strong></span> <span class='ocrx_word' id='word_1_472' title='bbox 1808 2050 1970 2120; x_wconf 87' lang='lat' dir='ltr'><strong>principium</strong></span> 
     </span>
     <span class='ocr_line' id='line_1_72' title="bbox 1183 2142 1970 2214; baseline -0.004 -16"><span class='ocrx_word' id='word_1_473' title='bbox 1183 2146 1263 2199; x_wconf 90' lang='lat' dir='ltr'><strong>totius</strong></span> <span class='ocrx_word' id='word_1_474' title='bbox 1276 2142 1613 2212; x_wconf 66' lang='lat' dir='ltr'><strong>ornamentorumque</strong></span> <span class='ocrx_word' id='word_1_475' title='bbox 1631 2143 1653 2196; x_wconf 91' lang='lat' dir='ltr'><strong>si</strong></span> <span class='ocrx_word' id='word_1_476' title='bbox 1667 2157 1728 2199; x_wconf 86' lang='lat' dir='ltr'><strong>sese</strong></span> <span class='ocrx_word' id='word_1_477' title='bbox 1741 2144 1824 2214; x_wconf 84' lang='lat' dir='ltr'><strong>ipsam</strong></span> <span class='ocrx_word' id='word_1_478' title='bbox 1839 2143 1970 2211; x_wconf 84' lang='lat' dir='ltr'><strong>multipi-</strong></span> 
     </span>
     <span class='ocr_line' id='line_1_73' title="bbox 1182 2231 1969 2303; baseline -0.008 -13"><span class='ocrx_word' id='word_1_479' title='bbox 1182 2241 1238 2298; x_wconf 86' lang='lat' dir='ltr'><strong>eet.</strong></span> <span class='ocrx_word' id='word_1_480' title='bbox 1253 2235 1295 2288; x_wconf 86' lang='lat' dir='ltr'><strong>ret</strong></span> <span class='ocrx_word' id='word_1_481' title='bbox 1317 2247 1365 2303; x_wconf 87' lang='lat' dir='ltr'><strong>per</strong></span> <span class='ocrx_word' id='word_1_482' title='bbox 1383 2233 1557 2294; x_wconf 82' lang='lat' dir='ltr'><strong>latitudinem.</strong></span> <span class='ocrx_word' id='word_1_483' title='bbox 1585 2235 1626 2287; x_wconf 83' lang='lat' dir='ltr'><strong>ret</strong></span> <span class='ocrx_word' id='word_1_484' title='bbox 1647 2231 1727 2288; x_wconf 83' lang='lat' dir='ltr'><strong>ctiam</strong></span> <span class='ocrx_word' id='word_1_485' title='bbox 1750 2231 1969 2302; x_wconf 80' lang='lat' dir='ltr'><strong>pmlooditaem,</strong></span> 
     </span>
     <span class='ocr_line' id='line_1_74' title="bbox 1181 2323 1967 2393; baseline -0.004 -13"><span class='ocrx_word' id='word_1_486' title='bbox 1181 2325 1224 2380; x_wconf 87' lang='lat' dir='ltr'><strong>rel</strong></span> <span class='ocrx_word' id='word_1_487' title='bbox 1234 2325 1256 2379; x_wconf 94' lang='lat' dir='ltr'><strong>si</strong></span> <span class='ocrx_word' id='word_1_488' title='bbox 1271 2338 1349 2393; x_wconf 83' lang='lat' dir='ltr'><strong>quern</strong></span> <span class='ocrx_word' id='word_1_489' title='bbox 1359 2338 1497 2378; x_wconf 88' lang='lat' dir='ltr'><strong>numerum</strong></span> <span class='ocrx_word' id='word_1_490' title='bbox 1509 2324 1535 2376; x_wconf 85' lang='lat' dir='ltr'><strong>in</strong></span> <span class='ocrx_word' id='word_1_491' title='bbox 1546 2337 1620 2376; x_wconf 80' lang='lat' dir='ltr'><strong>sosoi</strong></span> <span class='ocrx_word' id='word_1_492' title='bbox 1628 2323 1771 2393; x_wconf 79' lang='lat' dir='ltr'><strong>conglobet</strong></span> <span class='ocrx_word' id='word_1_493' title='bbox 1778 2327 1967 2393; x_wconf 78' lang='lat' dir='ltr'><strong>oaanutatem.</strong></span> 
     </span>
     <span class='ocr_line' id='line_1_75' title="bbox 1180 2412 1969 2482; baseline -0.003 -12"><span class='ocrx_word' id='word_1_494' title='bbox 1180 2416 1306 2471; x_wconf 91' lang='lat' dir='ltr'><strong>continuo</strong></span> <span class='ocrx_word' id='word_1_495' title='bbox 1326 2413 1394 2469; x_wconf 85' lang='lat' dir='ltr'><strong>alter</strong></span> <span class='ocrx_word' id='word_1_496' title='bbox 1418 2413 1549 2468; x_wconf 81' lang='lat' dir='ltr'><strong>exoritur.</strong></span> <span class='ocrx_word' id='word_1_497' title='bbox 1570 2412 1638 2469; x_wconf 75' lang='lat' dir='ltr'><strong>Nam</strong></span> <span class='ocrx_word' id='word_1_498' title='bbox 1661 2413 1840 2482; x_wconf 70' lang='lat' dir='ltr'><strong>hisdonne!</strong></span> <span class='ocrx_word' id='word_1_499' title='bbox 1865 2414 1903 2469; x_wconf 71' lang='lat' dir='ltr'><strong>tta</strong></span> <span class='ocrx_word' id='word_1_500' title='bbox 1915 2415 1969 2469; x_wconf 80' lang='lat' dir='ltr'><strong>dno</strong></span> 
     </span>
     <span class='ocr_line' id='line_1_76' title="bbox 1182 2502 1969 2573; baseline -0.003 -15"><span class='ocrx_word' id='word_1_501' title='bbox 1182 2503 1233 2568; x_wconf 79' lang='lat' dir='ltr'><strong>itis.</strong></span> <span class='ocrx_word' id='word_1_502' title='bbox 1245 2506 1266 2559; x_wconf 92' lang='lat' dir='ltr'><strong>si</strong></span> <span class='ocrx_word' id='word_1_503' title='bbox 1278 2503 1373 2571; x_wconf 77' lang='lat' dir='ltr'><strong>iacias,</strong></span> <span class='ocrx_word' id='word_1_504' title='bbox 1381 2503 1424 2558; x_wconf 84' lang='lat' dir='ltr'><strong>rel</strong></span> <span class='ocrx_word' id='word_1_505' title='bbox 1435 2502 1476 2558; x_wconf 83' lang='lat' dir='ltr'><strong>isis</strong></span> <span class='ocrx_word' id='word_1_506' title='bbox 1486 2504 1514 2568; x_wconf 76' lang='lat'><strong>3,</strong></span> <span class='ocrx_word' id='word_1_507' title='bbox 1527 2503 1568 2558; x_wconf 82' lang='lat' dir='ltr'><strong>tel</strong></span> <span class='ocrx_word' id='word_1_508' title='bbox 1578 2502 1619 2558; x_wconf 85' lang='lat' dir='ltr'><strong>bis</strong></span> <span class='ocrx_word' id='word_1_509' title='bbox 1632 2504 1660 2564; x_wconf 76' lang='grc' dir='ltr'><strong>ι,</strong></span> <span class='ocrx_word' id='word_1_510' title='bbox 1672 2504 1715 2558; x_wconf 87' lang='lat' dir='ltr'><strong>rel</strong></span> <span class='ocrx_word' id='word_1_511' title='bbox 1727 2502 1770 2557; x_wconf 87' lang='lat' dir='ltr'><strong>bis</strong></span> <span class='ocrx_word' id='word_1_512' title='bbox 1781 2504 1808 2569; x_wconf 82' lang='lat'><strong>5,</strong></span> <span class='ocrx_word' id='word_1_513' title='bbox 1820 2502 1861 2558; x_wconf 85' lang='lat' dir='ltr'><strong>tel</strong></span> <span class='ocrx_word' id='word_1_514' title='bbox 1875 2518 1969 2573; x_wconf 81' lang='lat' dir='ltr'><strong>qoem·</strong></span> 
     </span>
     <span class='ocr_line' id='line_1_77' title="bbox 1183 2592 1970 2665; baseline -0.008 -15"><span class='ocrx_word' id='word_1_515' title='bbox 1183 2594 1250 2651; x_wconf 84' lang='lat' dir='ltr'><strong>liltet</strong></span> <span class='ocrx_word' id='word_1_516' title='bbox 1262 2595 1344 2650; x_wconf 86' lang='lat' dir='ltr'><strong>alium</strong></span> <span class='ocrx_word' id='word_1_517' title='bbox 1360 2593 1530 2665; x_wconf 81' lang='lat' dir='ltr'><strong>multiplicet,</strong></span> <span class='ocrx_word' id='word_1_518' title='bbox 1543 2594 1665 2663; x_wconf 75' lang='lat' dir='ltr'><strong>quisquis</strong></span> <span class='ocrx_word' id='word_1_519' title='bbox 1684 2592 1746 2648; x_wconf 83' lang='lat' dir='ltr'><strong>ltine</strong></span> <span class='ocrx_word' id='word_1_520' title='bbox 1760 2594 1887 2659; x_wconf 81' lang='lat' dir='ltr'><strong>nascitur,</strong></span> <span class='ocrx_word' id='word_1_521' title='bbox 1900 2595 1970 2647; x_wconf 85' lang='lat' dir='ltr'><strong>alins</strong></span> 
     </span>
     <span class='ocr_line' id='line_1_78' title="bbox 1180 2684 1970 2759; baseline -0.005 -17"><span class='ocrx_word' id='word_1_522' title='bbox 1180 2704 1260 2759; x_wconf 83' lang='lat' dir='ltr'><strong>quam</strong></span> <span class='ocrx_word' id='word_1_523' title='bbox 1274 2687 1360 2757; x_wconf 90' lang='lat' dir='ltr'><strong>primo</strong></span> <span class='ocrx_word' id='word_1_524' title='bbox 1379 2687 1476 2749; x_wconf 81' lang='lat' dir='ltr'><strong>laetat.</strong></span> <span class='ocrx_word' id='word_1_525' title='bbox 1501 2686 1646 2741; x_wconf 80' lang='lat' dir='ltr'><strong>inuenitur.</strong></span> <span class='ocrx_word' id='word_1_526' title='bbox 1663 2684 1812 2740; x_wconf 84' lang='lat' dir='ltr'><strong>Nascuntur</strong></span> <span class='ocrx_word' id='word_1_527' title='bbox 1831 2692 1922 2740; x_wconf 83' lang='lat' dir='ltr'><strong>sutem</strong></span> <span class='ocrx_word' id='word_1_528' title='bbox 1936 2699 1970 2738; x_wconf 79' lang='lat' dir='ltr'><strong>ex</strong></span> 
     </span>
     <span class='ocr_line' id='line_1_79' title="bbox 1180 2761 1972 2849; baseline -0.006 -13"><span class='ocrx_word' id='word_1_529' title='bbox 1180 2778 1319 2849; x_wconf 88' lang='lat' dir='ltr'><strong>superiore</strong></span> <span class='ocrx_word' id='word_1_530' title='bbox 1333 2776 1526 2846; x_wconf 82' lang='lat' dir='ltr'><strong>descriptione,</strong></span> <span class='ocrx_word' id='word_1_531' title='bbox 1555 2785 1582 2831; x_wconf 88' lang='lat' dir='ltr'><strong>et</strong></span> <span class='ocrx_word' id='word_1_532' title='bbox 1595 2785 1626 2832; x_wconf 83' lang='lat' dir='ltr'><strong>ct</strong></span> <span class='ocrx_word' id='word_1_533' title='bbox 1654 2761 1741 2846; x_wconf 81' lang='lat' dir='ltr'><strong>prinis</strong></span> <span class='ocrx_word' id='word_1_534' title='bbox 1761 2776 1853 2831; x_wconf 87' lang='lat' dir='ltr'><strong>ordine</strong></span> <span class='ocrx_word' id='word_1_535' title='bbox 1870 2790 1972 2831; x_wconf 83' lang='lat' dir='ltr'><strong>omttes</strong></span> 
     </span>
     <span class='ocr_line' id='line_1_80' title="bbox 1182 2866 1971 2939; baseline -0.008 -15"><span class='ocrx_word' id='word_1_536' title='bbox 1182 2869 1310 2939; x_wconf 85' lang='lat' dir='ltr'><strong>tetragoni</strong></span> <span class='ocrx_word' id='word_1_537' title='bbox 1324 2867 1375 2924; x_wconf 87' lang='lat' dir='ltr'><strong>lroc</strong></span> <span class='ocrx_word' id='word_1_538' title='bbox 1389 2866 1468 2923; x_wconf 90' lang='lat' dir='ltr'><strong>modo</strong></span> <span class='ocrx_word' id='word_1_539' title='bbox 1481 2883 1489 2922; x_wconf 86' lang='grc' dir='ltr'><strong>ι</strong></span> <span class='ocrx_word' id='word_1_540' title='bbox 1511 2867 1597 2923; x_wconf 81' lang='lat' dir='ltr'><strong>Unum</strong></span> <span class='ocrx_word' id='word_1_541' title='bbox 1609 2868 1684 2922; x_wconf 83' lang='lat' dir='ltr'><strong>enirn</strong></span> <span class='ocrx_word' id='word_1_542' title='bbox 1702 2867 1726 2922; x_wconf 93' lang='lat' dir='ltr'><strong>si</strong></span> <span class='ocrx_word' id='word_1_543' title='bbox 1739 2866 1897 2934; x_wconf 78' lang='lat' dir='ltr'><strong>respexeris,</strong></span> <span class='ocrx_word' id='word_1_544' title='bbox 1913 2870 1971 2936; x_wconf 86' lang='lat' dir='ltr'><strong>pri·</strong></span> 
     </span>
     <span class='ocr_line' id='line_1_81' title="bbox 1182 2944 1969 3027; baseline -0.008 -14"><span class='ocrx_word' id='word_1_545' title='bbox 1182 2973 1242 3013; x_wconf 89' lang='lat' dir='ltr'><strong>mus</strong></span> <span class='ocrx_word' id='word_1_546' title='bbox 1256 2965 1387 3027; x_wconf 88' lang='lat' dir='ltr'><strong>potestate</strong></span> <span class='ocrx_word' id='word_1_547' title='bbox 1401 2965 1556 3026; x_wconf 82' lang='lat' dir='ltr'><strong>tetragonus</strong></span> <span class='ocrx_word' id='word_1_548' title='bbox 1577 2963 1629 3010; x_wconf 89' lang='lat' dir='ltr'><strong>est.</strong></span> <span class='ocrx_word' id='word_1_549' title='bbox 1645 2944 1694 3010; x_wconf 76' lang='lat' dir='ltr'><strong>Sitt&#39;</strong></span> <span class='ocrx_word' id='word_1_550' title='bbox 1707 2967 1772 3009; x_wconf 78' lang='lat' dir='ltr'><strong>tero</strong></span> <span class='ocrx_word' id='word_1_551' title='bbox 1786 2966 1869 3008; x_wconf 81' lang='lat' dir='ltr'><strong>unum</strong></span> <span class='ocrx_word' id='word_1_552' title='bbox 1883 2953 1969 3008; x_wconf 83' lang='lat' dir='ltr'><strong>tribus</strong></span> 
     </span>
     <span class='ocr_line' id='line_1_82' title="bbox 1182 3042 1969 3116; baseline -0.011 -13"><span class='ocrx_word' id='word_1_553' title='bbox 1182 3047 1419 3114; x_wconf 62' lang='lat' dir='ltr'><strong>coacervaverim</strong></span> <span class='ocrx_word' id='word_1_554' title='bbox 1437 3054 1592 3116; x_wconf 88' lang='lat' dir='ltr'><strong>tetragonus</strong></span> <span class='ocrx_word' id='word_1_555' title='bbox 1610 3046 1740 3100; x_wconf 79' lang='lat' dir='ltr'><strong>exoritur.</strong></span> <span class='ocrx_word' id='word_1_556' title='bbox 1757 3043 1827 3099; x_wconf 82' lang='lat' dir='ltr'><strong>linio</strong></span> <span class='ocrx_word' id='word_1_557' title='bbox 1840 3042 1969 3112; x_wconf 69' lang='lat' dir='ltr'><strong>deuios-</strong></span> 
     </span>
    </p>
   </div>
   <div class='ocr_carea' id='block_1_20' title="bbox 1143 3132 1968 3210">
    <p class='ocr_par' dir='ltr' id='par_1_20' title="bbox 1143 3132 1968 3210">
     <span class='ocr_line' id='line_1_83' title="bbox 1143 3132 1968 3210; baseline -0.007 -17"><span class='ocrx_word' id='word_1_558' title='bbox 1143 3137 1249 3200; x_wconf 80' lang='lat' dir='ltr'><strong>criom</strong></span> <span class='ocrx_word' id='word_1_559' title='bbox 1263 3136 1383 3208; x_wconf 74' lang='lat' dir='ltr'><strong>pingam,</strong></span> <span class='ocrx_word' id='word_1_560' title='bbox 1406 3138 1567 3191; x_wconf 76' lang='lat' dir='ltr'><strong>novenarius</strong></span> <span class='ocrx_word' id='word_1_561' title='bbox 1593 3150 1687 3191; x_wconf 90' lang='lat' dir='ltr'><strong>rursus</strong></span> <span class='ocrx_word' id='word_1_562' title='bbox 1712 3132 1838 3189; x_wconf 88' lang='lat' dir='ltr'><strong>occurrit.</strong></span> <span class='ocrx_word' id='word_1_563' title='bbox 1856 3133 1924 3189; x_wconf 86' lang='lat' dir='ltr'><strong>iltrie</strong></span> <span class='ocrx_word' id='word_1_564' title='bbox 1940 3136 1968 3210; x_wconf 66' lang='lat' dir='ltr'><strong>¹si</strong></span> 
     </span>
    </p>
   </div>
   <div class='ocr_carea' id='block_1_21' title="bbox 1181 3223 1968 4291">
    <p class='ocr_par' dir='ltr' id='par_1_21' title="bbox 1181 3223 1968 4291">
     <span class='ocr_line' id='line_1_84' title="bbox 1181 3223 1968 3298; baseline -0.009 -14"><span class='ocrx_word' id='word_1_565' title='bbox 1181 3228 1291 3298; x_wconf 86' lang='lat' dir='ltr'><strong>copules</strong></span> <span class='ocrx_word' id='word_1_566' title='bbox 1311 3228 1339 3292; x_wconf 82' lang='lat' dir='ltr'><strong>l.</strong></span> <span class='ocrx_word' id='word_1_567' title='bbox 1363 3225 1396 3281; x_wconf 80' lang='lat' dir='ltr'><strong>tt</strong></span> <span class='ocrx_word' id='word_1_568' title='bbox 1411 3227 1533 3296; x_wconf 85' lang='lat' dir='ltr'><strong>quadrati</strong></span> <span class='ocrx_word' id='word_1_569' title='bbox 1558 3225 1643 3280; x_wconf 88' lang='lat' dir='ltr'><strong>lorma</strong></span> <span class='ocrx_word' id='word_1_570' title='bbox 1657 3239 1687 3279; x_wconf 91' lang='lat' dir='ltr'><strong>se</strong></span> <span class='ocrx_word' id='word_1_571' title='bbox 1700 3224 1827 3294; x_wconf 84' lang='lat' dir='ltr'><strong>suggerit.</strong></span> <span class='ocrx_word' id='word_1_572' title='bbox 1844 3223 1968 3293; x_wconf 80' lang='lat' dir='ltr'><strong>idemque</strong></span> 
     </span>
     <span class='ocr_line' id='line_1_85' title="bbox 1182 3317 1967 3387; baseline -0.004 -12"><span class='ocrx_word' id='word_1_573' title='bbox 1182 3324 1204 3376; x_wconf 93' lang='lat' dir='ltr'><strong>si</strong></span> <span class='ocrx_word' id='word_1_574' title='bbox 1227 3321 1253 3374; x_wconf 93' lang='lat' dir='ltr'><strong>in</strong></span> <span class='ocrx_word' id='word_1_575' title='bbox 1270 3319 1377 3375; x_wconf 73' lang='lat' dir='ltr'><strong>catoris</strong></span> <span class='ocrx_word' id='word_1_576' title='bbox 1399 3319 1492 3385; x_wconf 80' lang='lat' dir='ltr'><strong>lanias,</strong></span> <span class='ocrx_word' id='word_1_577' title='bbox 1513 3332 1608 3374; x_wconf 88' lang='lat' dir='ltr'><strong>omnes</strong></span> <span class='ocrx_word' id='word_1_578' title='bbox 1621 3329 1807 3387; x_wconf 75' lang='lat' dir='ltr'><strong>competener</strong></span> <span class='ocrx_word' id='word_1_579' title='bbox 1826 3317 1967 3387; x_wconf 79' lang='lat' dir='ltr'><strong>qoadntos</strong></span> 
     </span>
     <span class='ocr_line' id='line_1_86' title="bbox 1181 3408 1968 3481; baseline -0.003 -16"><span class='ocrx_word' id='word_1_580' title='bbox 1181 3410 1273 3467; x_wconf 83' lang='lat' dir='ltr'><strong>rideas</strong></span> <span class='ocrx_word' id='word_1_581' title='bbox 1286 3412 1431 3481; x_wconf 87' lang='lat' dir='ltr'><strong>procreari.</strong></span> <span class='ocrx_word' id='word_1_582' title='bbox 1448 3413 1482 3466; x_wconf 82' lang='grc' dir='ltr'><strong>ιιι</strong></span> <span class='ocrx_word' id='word_1_583' title='bbox 1495 3424 1560 3465; x_wconf 85' lang='lat' dir='ltr'><strong>tero</strong></span> <span class='ocrx_word' id='word_1_584' title='bbox 1584 3424 1617 3466; x_wconf 82' lang='lat' dir='ltr'><strong>er</strong></span> <span class='ocrx_word' id='word_1_585' title='bbox 1640 3408 1759 3465; x_wconf 89' lang='lat' dir='ltr'><strong>secundo</strong></span> <span class='ocrx_word' id='word_1_586' title='bbox 1781 3409 1903 3478; x_wconf 85' lang='lat' dir='ltr'><strong>paritatis</strong></span> <span class='ocrx_word' id='word_1_587' title='bbox 1925 3426 1968 3464; x_wconf 88' lang='lat' dir='ltr'><strong>or·</strong></span> 
     </span>
     <span class='ocr_line' id='line_1_87' title="bbox 1181 3497 1967 3570; baseline -0.001 -16"><span class='ocrx_word' id='word_1_588' title='bbox 1181 3500 1254 3565; x_wconf 81' lang='lat' dir='ltr'><strong>dine,</strong></span> <span class='ocrx_word' id='word_1_589' title='bbox 1269 3501 1348 3556; x_wconf 89' lang='lat' dir='ltr'><strong>iidem</strong></span> <span class='ocrx_word' id='word_1_590' title='bbox 1358 3501 1447 3556; x_wconf 89' lang='lat' dir='ltr'><strong>cuncti</strong></span> <span class='ocrx_word' id='word_1_591' title='bbox 1461 3509 1535 3570; x_wconf 88' lang='lat' dir='ltr'><strong>parte</strong></span> <span class='ocrx_word' id='word_1_592' title='bbox 1550 3500 1635 3553; x_wconf 83' lang='lat' dir='ltr'><strong>altera</strong></span> <span class='ocrx_word' id='word_1_593' title='bbox 1649 3497 1785 3569; x_wconf 89' lang='lat' dir='ltr'><strong>longiores</strong></span> <span class='ocrx_word' id='word_1_594' title='bbox 1797 3498 1875 3553; x_wconf 91' lang='lat' dir='ltr'><strong>dunt.</strong></span> <span class='ocrx_word' id='word_1_595' title='bbox 1890 3499 1967 3553; x_wconf 81' lang='lat' dir='ltr'><strong>Nam·</strong></span> 
     </span>
     <span class='ocr_line' id='line_1_88' title="bbox 1181 3588 1967 3662; baseline 0 -20"><span class='ocrx_word' id='word_1_596' title='bbox 1181 3604 1234 3661; x_wconf 82' lang='lat' dir='ltr'><strong>qne</strong></span> <span class='ocrx_word' id='word_1_597' title='bbox 1249 3591 1270 3645; x_wconf 88' lang='lat' dir='ltr'><strong>si</strong></span> <span class='ocrx_word' id='word_1_598' title='bbox 1284 3591 1352 3647; x_wconf 91' lang='lat' dir='ltr'><strong>dnos</strong></span> <span class='ocrx_word' id='word_1_599' title='bbox 1367 3592 1468 3662; x_wconf 88' lang='lat' dir='ltr'><strong>primns</strong></span> <span class='ocrx_word' id='word_1_600' title='bbox 1486 3602 1639 3660; x_wconf 80' lang='lat' dir='ltr'><strong>respexero,</strong></span> <span class='ocrx_word' id='word_1_601' title='bbox 1660 3588 1812 3658; x_wconf 79' lang='lat' dir='ltr'><strong>buittsmodi</strong></span> <span class='ocrx_word' id='word_1_602' title='bbox 1834 3588 1900 3643; x_wconf 72' lang='lat' dir='ltr'><strong>nilti</strong></span> <span class='ocrx_word' id='word_1_603' title='bbox 1920 3605 1967 3641; x_wconf 84' lang='lat' dir='ltr'><strong>nrt-</strong></span> 
     </span>
     <span class='ocr_line' id='line_1_89' title="bbox 1182 3679 1966 3750; baseline -0.009 -12"><span class='ocrx_word' id='word_1_604' title='bbox 1182 3697 1272 3738; x_wconf 79' lang='lat' dir='ltr'><strong>ssertts</strong></span> <span class='ocrx_word' id='word_1_605' title='bbox 1292 3683 1408 3738; x_wconf 81' lang='lat' dir='ltr'><strong>occurrit</strong></span> <span class='ocrx_word' id='word_1_606' title='bbox 1421 3681 1465 3750; x_wconf 80' lang='lat' dir='ltr'><strong>qai</strong></span> <span class='ocrx_word' id='word_1_607' title='bbox 1481 3683 1510 3736; x_wconf 89' lang='lat' dir='ltr'><strong>lit</strong></span> <span class='ocrx_word' id='word_1_608' title='bbox 1527 3697 1559 3737; x_wconf 84' lang='lat' dir='ltr'><strong>er</strong></span> <span class='ocrx_word' id='word_1_609' title='bbox 1574 3681 1615 3737; x_wconf 83' lang='lat' dir='ltr'><strong>itis</strong></span> <span class='ocrx_word' id='word_1_610' title='bbox 1629 3695 1692 3737; x_wconf 88' lang='lat' dir='ltr'><strong>utto.</strong></span> <span class='ocrx_word' id='word_1_611' title='bbox 1713 3679 1778 3736; x_wconf 86' lang='lat' dir='ltr'><strong>Cum</strong></span> <span class='ocrx_word' id='word_1_612' title='bbox 1793 3681 1966 3737; x_wconf 82' lang='lat' dir='ltr'><strong>rarndoolms</strong></span> 
     </span>
     <span class='ocr_line' id='line_1_90' title="bbox 1181 3770 1966 3844; baseline -0.01 -15"><span class='ocrx_word' id='word_1_613' title='bbox 1181 3782 1323 3844; x_wconf 82' lang='lat' dir='ltr'><strong>sequentes</strong></span> <span class='ocrx_word' id='word_1_614' title='bbox 1335 3776 1351 3829; x_wconf 82' lang='grc' dir='ltr'><strong>ι</strong></span> <span class='ocrx_word' id='word_1_615' title='bbox 1362 3774 1485 3843; x_wconf 69' lang='lat' dir='ltr'><strong>irrisero,</strong></span> <span class='ocrx_word' id='word_1_616' title='bbox 1507 3782 1583 3842; x_wconf 88' lang='lat' dir='ltr'><strong>parte</strong></span> <span class='ocrx_word' id='word_1_617' title='bbox 1596 3772 1678 3827; x_wconf 88' lang='lat' dir='ltr'><strong>altera</strong></span> <span class='ocrx_word' id='word_1_618' title='bbox 1692 3770 1798 3841; x_wconf 90' lang='lat' dir='ltr'><strong>longior</strong></span> <span class='ocrx_word' id='word_1_619' title='bbox 1813 3785 1904 3825; x_wconf 86' lang='lat' dir='ltr'><strong>rursus</strong></span> <span class='ocrx_word' id='word_1_620' title='bbox 1917 3773 1966 3824; x_wconf 86' lang='lat' dir='ltr'><strong>erit</strong></span> 
     </span>
     <span class='ocr_line' id='line_1_91' title="bbox 1182 3857 1963 3935; baseline -0.013 -15"><span class='ocrx_word' id='word_1_621' title='bbox 1182 3864 1315 3935; x_wconf 85' lang='lat' dir='ltr'><strong>senarius,</strong></span> <span class='ocrx_word' id='word_1_622' title='bbox 1331 3864 1434 3917; x_wconf 71' lang='lat' dir='ltr'><strong>sollicet</strong></span> <span class='ocrx_word' id='word_1_623' title='bbox 1447 3864 1492 3931; x_wconf 78' lang='lat' dir='ltr'><strong>epti</strong></span> <span class='ocrx_word' id='word_1_624' title='bbox 1505 3861 1533 3915; x_wconf 89' lang='lat' dir='ltr'><strong>lit</strong></span> <span class='ocrx_word' id='word_1_625' title='bbox 1543 3876 1575 3917; x_wconf 81' lang='lat' dir='ltr'><strong>cx</strong></span> <span class='ocrx_word' id='word_1_626' title='bbox 1586 3861 1628 3915; x_wconf 84' lang='lat' dir='ltr'><strong>iris</strong></span> <span class='ocrx_word' id='word_1_627' title='bbox 1639 3859 1734 3916; x_wconf 81' lang='lat' dir='ltr'><strong>tribus.</strong></span> <span class='ocrx_word' id='word_1_628' title='bbox 1749 3857 1799 3913; x_wconf 84' lang='lat' dir='ltr'><strong>Coi</strong></span> <span class='ocrx_word' id='word_1_629' title='bbox 1815 3860 1837 3911; x_wconf 90' lang='lat' dir='ltr'><strong>si</strong></span> <span class='ocrx_word' id='word_1_630' title='bbox 1851 3873 1963 3928; x_wconf 72' lang='lat' dir='ltr'><strong>sequen</strong></span> 
     </span>
     <span class='ocr_line' id='line_1_92' title="bbox 1182 3946 1962 4023; baseline -0.014 -14"><span class='ocrx_word' id='word_1_631' title='bbox 1182 3962 1236 4009; x_wconf 89' lang='lat' dir='ltr'><strong>tem</strong></span> <span class='ocrx_word' id='word_1_632' title='bbox 1251 3967 1440 4023; x_wconf 81' lang='lat' dir='ltr'><strong>aggregarem,</strong></span> <span class='ocrx_word' id='word_1_633' title='bbox 1462 3961 1587 4006; x_wconf 88' lang='lat' dir='ltr'><strong>nascetur</strong></span> <span class='ocrx_word' id='word_1_634' title='bbox 1606 3948 1671 4003; x_wconf 90' lang='lat' dir='ltr'><strong>milti</strong></span> <span class='ocrx_word' id='word_1_635' title='bbox 1686 3946 1849 4003; x_wconf 81' lang='lat' dir='ltr'><strong>duodenaria</strong></span> <span class='ocrx_word' id='word_1_636' title='bbox 1872 3946 1962 4005; x_wconf 81' lang='lat' dir='ltr'><strong>torma.</strong></span> 
     </span>
     <span class='ocr_line' id='line_1_93' title="bbox 1181 4038 1965 4114; baseline -0.013 -17"><span class='ocrx_word' id='word_1_637' title='bbox 1181 4059 1240 4114; x_wconf 73' lang='lat' dir='ltr'><strong>gua</strong></span> <span class='ocrx_word' id='word_1_638' title='bbox 1255 4042 1284 4097; x_wconf 82' lang='lat' dir='ltr'><strong>itt</strong></span> <span class='ocrx_word' id='word_1_639' title='bbox 1296 4057 1331 4098; x_wconf 84' lang='lat' dir='ltr'><strong>et</strong></span> <span class='ocrx_word' id='word_1_640' title='bbox 1356 4051 1448 4112; x_wconf 80' lang='lat' dir='ltr'><strong>quater</strong></span> <span class='ocrx_word' id='word_1_641' title='bbox 1461 4041 1557 4097; x_wconf 87' lang='lat' dir='ltr'><strong>tribus.</strong></span> <span class='ocrx_word' id='word_1_642' title='bbox 1579 4038 1654 4106; x_wconf 83' lang='lat' dir='ltr'><strong>Quod</strong></span> <span class='ocrx_word' id='word_1_643' title='bbox 1675 4040 1697 4093; x_wconf 93' lang='lat' dir='ltr'><strong>si</strong></span> <span class='ocrx_word' id='word_1_644' title='bbox 1718 4039 1893 4093; x_wconf 76' lang='lat' dir='ltr'><strong>condonat&#39;m</strong></span> <span class='ocrx_word' id='word_1_645' title='bbox 1907 4051 1965 4102; x_wconf 80' lang='lat' dir='ltr'><strong>epus</strong></span> 
     </span>
     <span class='ocr_line' id='line_1_94' title="bbox 1182 4125 1964 4200; baseline -0.018 -11"><span class='ocrx_word' id='word_1_646' title='bbox 1182 4135 1269 4197; x_wconf 85' lang='lat' dir='ltr'><strong>iaciat,</strong></span> <span class='ocrx_word' id='word_1_647' title='bbox 1281 4142 1391 4187; x_wconf 89' lang='lat' dir='ltr'><strong>cunctos</strong></span> <span class='ocrx_word' id='word_1_648' title='bbox 1407 4130 1558 4200; x_wconf 84' lang='lat' dir='ltr'><strong>lrttjosmodi</strong></span> <span class='ocrx_word' id='word_1_649' title='bbox 1572 4143 1698 4185; x_wconf 86' lang='lat' dir='ltr'><strong>numeros</strong></span> <span class='ocrx_word' id='word_1_650' title='bbox 1708 4125 1908 4195; x_wconf 86' lang='lat' dir='ltr'><strong>incompetenti</strong></span> <span class='ocrx_word' id='word_1_651' title='bbox 1921 4141 1964 4175; x_wconf 88' lang='lat' dir='ltr'><strong>or·</strong></span> 
     </span>
     <span class='ocr_line' id='line_1_95' title="bbox 1182 4215 1964 4291; baseline -0.017 -14"><span class='ocrx_word' id='word_1_652' title='bbox 1182 4223 1245 4277; x_wconf 90' lang='lat' dir='ltr'><strong>dine</strong></span> <span class='ocrx_word' id='word_1_653' title='bbox 1258 4230 1410 4291; x_wconf 88' lang='lat' dir='ltr'><strong>procreatos</strong></span> <span class='ocrx_word' id='word_1_654' title='bbox 1423 4220 1532 4274; x_wconf 83' lang='lat' dir='ltr'><strong>ridebit.</strong></span> <span class='ocrx_word' id='word_1_655' title='bbox 1548 4220 1632 4286; x_wconf 82' lang='lat' dir='ltr'><strong>Quam</strong></span> <span class='ocrx_word' id='word_1_656' title='bbox 1645 4217 1855 4286; x_wconf 87' lang='lat' dir='ltr'><strong>descriptionem</strong></span> <span class='ocrx_word' id='word_1_657' title='bbox 1864 4215 1912 4270; x_wconf 91' lang='lat' dir='ltr'><strong>scil</strong></span> <span class='ocrx_word' id='word_1_658' title='bbox 1923 4225 1964 4266; x_wconf 90' lang='lat' dir='ltr'><strong>cet</strong></span> 
     </span>
    </p>
   </div>
   <div class='ocr_carea' id='block_1_22' title="bbox 1182 4306 1630 4451">
    <p class='ocr_par' dir='ltr' id='par_1_22' title="bbox 1182 4306 1630 4451">
     <span class='ocr_line' id='line_1_96' title="bbox 1182 4306 1586 4366; baseline -0.002 -2"><span class='ocrx_word' id='word_1_659' title='bbox 1182 4310 1293 4365; x_wconf 87' lang='lat' dir='ltr'><strong>inierior</strong></span> <span class='ocrx_word' id='word_1_660' title='bbox 1305 4310 1389 4365; x_wconf 89' lang='lat' dir='ltr'><strong>iorma</strong></span> <span class='ocrx_word' id='word_1_661' title='bbox 1400 4306 1565 4366; x_wconf 87' lang='lat' dir='ltr'><strong>demonstrat</strong></span> <span class='ocrx_word' id='word_1_662' title='bbox 1578 4325 1586 4364; x_wconf 74' lang='grc' dir='ltr'><strong>ε</strong></span> 
     </span>
     <span class='ocr_line' id='line_1_97' title="bbox 1520 4399 1630 4451; baseline 0.036 -4"><span class='ocrx_word' id='word_1_663' title='bbox 1520 4399 1630 4451; x_wconf 86' lang='lat' dir='ltr'><strong>tladices.</strong></span> 
     </span>
    </p>
   </div>
   <div class='ocr_carea' id='block_1_23' title="bbox 1388 4612 1743 4884">
    <p class='ocr_par' dir='ltr' id='par_1_23' title="bbox 1388 4612 1743 4884">
     <span class='ocr_line' id='line_1_98' title="bbox 1388 4612 1743 4674; baseline -0.011 -11"><span class='ocrx_word' id='word_1_664' title='bbox 1388 4612 1530 4674; x_wconf 79' lang='lat' dir='ltr'><strong>‘ic-tragoni,</strong></span> <span class='ocrx_word' id='word_1_665' title='bbox 1544 4612 1565 4661; x_wconf 92' lang='lat' dir='ltr'><strong>id</strong></span> <span class='ocrx_word' id='word_1_666' title='bbox 1576 4620 1615 4661; x_wconf 87' lang='lat' dir='ltr'><strong>est</strong></span> <span class='ocrx_word' id='word_1_667' title='bbox 1625 4625 1672 4674; x_wconf 86' lang='lat' dir='ltr'><strong>qus</strong></span> <span class='ocrx_word' id='word_1_668' title='bbox 1682 4614 1743 4660; x_wconf 75' lang='lat' dir='ltr'><strong>&#39;rati</strong></span> 
     </span>
     <span class='ocr_line' id='line_1_99' title="bbox 1516 4833 1627 4884; baseline -0.009 -2"><span class='ocrx_word' id='word_1_669' title='bbox 1516 4833 1627 4884; x_wconf 82' lang='lat' dir='ltr'><strong>ltattces.</strong></span> 
     </span>
    </p>
   </div>
   <div class='ocr_carea' id='block_1_24' title="bbox 1168 4938 1959 5017">
    <p class='ocr_par' dir='ltr' id='par_1_24' title="bbox 1168 4938 1959 5017">
     <span class='ocr_line' id='line_1_100' title="bbox 1168 4938 1959 5017; baseline -0.003 -4"><span class='ocrx_word' id='word_1_670' title='bbox 1168 4938 1272 5015; x_wconf 70' lang='lat' dir='ltr'><strong>tal</strong></span> <span class='ocrx_word' id='word_1_671' title='bbox 1834 5003 1838 5017; x_wconf 86' lang='lat'><strong>.</strong></span> <span class='ocrx_word' id='word_1_672' title='bbox 1930 4986 1959 5015; x_wconf 58' lang='grc' dir='ltr'><strong>,ι</strong></span> 
     </span>
    </p>
   </div>
   <div class='ocr_carea' id='block_1_25' title="bbox 1181 5048 1962 5602">
    <p class='ocr_par' dir='ltr' id='par_1_25' title="bbox 1181 5048 1962 5602">
     <span class='ocr_line' id='line_1_101' title="bbox 1422 5048 1728 5110; baseline -0.013 -11"><span class='ocrx_word' id='word_1_673' title='bbox 1422 5051 1496 5100; x_wconf 86' lang='lat' dir='ltr'><strong>Parte</strong></span> <span class='ocrx_word' id='word_1_674' title='bbox 1506 5048 1582 5099; x_wconf 85' lang='lat' dir='ltr'><strong>altera</strong></span> <span class='ocrx_word' id='word_1_675' title='bbox 1596 5049 1728 5110; x_wconf 86' lang='lat' dir='ltr'><strong>longiores.</strong></span> 
     </span>
     <span class='ocr_line' id='line_1_102' title="bbox 1187 5146 1958 5229; baseline -0.012 -17"><span class='ocrx_word' id='word_1_676' title='bbox 1187 5149 1525 5229; x_wconf 77' lang='grc' dir='ltr'><strong>ΙεΙιΙιεΙ</strong></span> <span class='ocrx_word' id='word_1_677' title='bbox 1596 5160 1699 5224; x_wconf 72' lang='lat' dir='ltr'><strong>ao,v</strong></span> <span class='ocrx_word' id='word_1_678' title='bbox 1810 5146 1958 5217; x_wconf 75' lang='lat' dir='ltr'><strong>aot</strong></span> 
     </span>
     <span class='ocr_line' id='line_1_103' title="bbox 1462 5258 1693 5318; baseline -0.013 -2"><span class='ocrx_word' id='word_1_679' title='bbox 1462 5260 1575 5318; x_wconf 74' lang='lat' dir='ltr'><strong>corut</strong></span> <span class='ocrx_word' id='word_1_680' title='bbox 1594 5258 1693 5315; x_wconf 72' lang='lat' dir='ltr'><strong>xittx:</strong></span> 
     </span>
     <span class='ocr_line' id='line_1_104' title="bbox 1200 5347 1944 5425; baseline -0.009 -17"><span class='ocrx_word' id='word_1_681' title='bbox 1200 5354 1410 5425; x_wconf 74' lang='lat' dir='ltr'><strong>degeneratione</strong></span> <span class='ocrx_word' id='word_1_682' title='bbox 1423 5352 1622 5419; x_wconf 66' lang='lat' dir='ltr'><strong>laterculorum·</strong></span> <span class='ocrx_word' id='word_1_683' title='bbox 1635 5364 1773 5417; x_wconf 78' lang='lat' dir='ltr'><strong>eorumque</strong></span> <span class='ocrx_word' id='word_1_684' title='bbox 1788 5347 1944 5417; x_wconf 73' lang='lat' dir='ltr'><strong>diffinitione.</strong></span> 
     </span>
     <span class='ocr_line' id='line_1_105' title="bbox 1215 5436 1962 5512; baseline -0.008 -14"><span class='ocrx_word' id='word_1_685' title='bbox 1215 5443 1287 5512; x_wconf 80' lang='lat' dir='ltr'><strong>Quos</strong></span> <span class='ocrx_word' id='word_1_686' title='bbox 1299 5452 1386 5498; x_wconf 75' lang='lat' dir='ltr'><strong>atatem</strong></span> <span class='ocrx_word' id='word_1_687' title='bbox 1402 5442 1523 5510; x_wconf 87' lang='lat' dir='ltr'><strong>superius</strong></span> <span class='ocrx_word' id='word_1_688' title='bbox 1536 5438 1679 5496; x_wconf 84' lang='lat' dir='ltr'><strong>laterculos</strong></span> <span class='ocrx_word' id='word_1_689' title='bbox 1692 5436 1819 5493; x_wconf 80' lang='lat' dir='ltr'><strong>diximus.</strong></span> <span class='ocrx_word' id='word_1_690' title='bbox 1832 5450 1892 5506; x_wconf 71' lang='lat' dir='ltr'><strong>ottae</strong></span> <span class='ocrx_word' id='word_1_691' title='bbox 1906 5445 1962 5492; x_wconf 86' lang='lat' dir='ltr'><strong>sont</strong></span> 
     </span>
     <span class='ocr_line' id='line_1_106' title="bbox 1181 5525 1961 5602; baseline -0.013 -15"><span class='ocrx_word' id='word_1_692' title='bbox 1181 5541 1207 5587; x_wconf 83' lang='lat' dir='ltr'><strong>ct</strong></span> <span class='ocrx_word' id='word_1_693' title='bbox 1217 5530 1281 5602; x_wconf 74' lang='lat' dir='ltr'><strong>ipsa</strong></span> <span class='ocrx_word' id='word_1_694' title='bbox 1294 5531 1399 5600; x_wconf 87' lang='lat' dir='ltr'><strong>quidem</strong></span> <span class='ocrx_word' id='word_1_695' title='bbox 1414 5530 1506 5585; x_wconf 81' lang='lat' dir='ltr'><strong>solidae</strong></span> <span class='ocrx_word' id='word_1_696' title='bbox 1519 5529 1621 5599; x_wconf 76' lang='lat' dir='ltr'><strong>dgnne,</strong></span> <span class='ocrx_word' id='word_1_697' title='bbox 1643 5526 1694 5581; x_wconf 85' lang='lat' dir='ltr'><strong>ltoc</strong></span> <span class='ocrx_word' id='word_1_698' title='bbox 1711 5525 1792 5580; x_wconf 93' lang='lat' dir='ltr'><strong>modo</strong></span> <span class='ocrx_word' id='word_1_699' title='bbox 1802 5526 1880 5581; x_wconf 80' lang='lat' dir='ltr'><strong>dont.</strong></span> <span class='ocrx_word' id='word_1_700' title='bbox 1894 5525 1961 5592; x_wconf 74' lang='lat' dir='ltr'><strong>otto·</strong></span> 
     </span>
    </p>
   </div>
   <div class='ocr_carea' id='block_1_26' title="bbox 1181 5613 1962 5781">
    <p class='ocr_par' dir='ltr' id='par_1_26' title="bbox 1181 5613 1962 5781">
     <span class='ocr_line' id='line_1_107' title="bbox 1181 5613 1962 5688; baseline -0.012 -13"><span class='ocrx_word' id='word_1_701' title='bbox 1181 5621 1251 5676; x_wconf 87' lang='lat' dir='ltr'><strong>tiens</strong></span> <span class='ocrx_word' id='word_1_702' title='bbox 1267 5619 1412 5687; x_wconf 69' lang='lat' dir='ltr'><strong>maritalibus</strong></span> <span class='ocrx_word' id='word_1_703' title='bbox 1423 5618 1515 5688; x_wconf 90' lang='lat' dir='ltr'><strong>spatiis</strong></span> <span class='ocrx_word' id='word_1_704' title='bbox 1526 5621 1552 5672; x_wconf 94' lang='lat' dir='ltr'><strong>ln</strong></span> <span class='ocrx_word' id='word_1_705' title='bbox 1573 5616 1764 5687; x_wconf 84' lang='lat' dir='ltr'><strong>longitudinem</strong></span> <span class='ocrx_word' id='word_1_706' title='bbox 1786 5613 1962 5670; x_wconf 83' lang='lat' dir='ltr'><strong>latitudinem·</strong></span> 
     </span>
     <span class='ocr_line' id='line_1_108' title="bbox 1181 5703 1961 5781; baseline -0.013 -16"><span class='ocrx_word' id='word_1_707' title='bbox 1181 5724 1233 5780; x_wconf 84' lang='lat' dir='ltr'><strong>quc</strong></span> <span class='ocrx_word' id='word_1_708' title='bbox 1256 5709 1396 5781; x_wconf 84' lang='lat' dir='ltr'><strong>porrectis.</strong></span> <span class='ocrx_word' id='word_1_709' title='bbox 1420 5709 1508 5763; x_wconf 91' lang='lat' dir='ltr'><strong>minor</strong></span> <span class='ocrx_word' id='word_1_710' title='bbox 1525 5707 1566 5762; x_wconf 86' lang='lat' dir='ltr'><strong>ltis</strong></span> <span class='ocrx_word' id='word_1_711' title='bbox 1588 5707 1694 5762; x_wconf 84' lang='lat' dir='ltr'><strong>additur</strong></span> <span class='ocrx_word' id='word_1_712' title='bbox 1719 5703 1961 5761; x_wconf 67' lang='lat' dir='ltr'><strong>altitonantem</strong></span> 
     </span>
    </p>
   </div>
   <div class='ocr_carea' id='block_1_27' title="bbox 0 0 2104 6249">
    <p class='ocr_par' dir='ltr' id='par_1_27' title="bbox 0 0 2104 6249">
     <span class='ocr_line' id='line_1_109' title="bbox 0 0 2104 6249; baseline 0 0"><span class='ocrx_word' id='word_1_713' title='bbox 0 0 2104 6249; x_wconf 95' lang='lat' dir='ltr'><strong> </strong></span> 
     </span>
    </p>
   </div>
  </div>
 </body>
</html>
