<?xml version="1.0" encoding="UTF-8"?>
<!DOCTYPE html PUBLIC "-//W3C//DTD XHTML 1.0 Transitional//EN"
    "http://www.w3.org/TR/xhtml1/DTD/xhtml1-transitional.dtd">
<html xmlns="http://www.w3.org/1999/xhtml" xml:lang="en" lang="en">
 <head>
  <title>
</title>
<meta http-equiv="Content-Type" content="text/html;charset=utf-8" />
  <meta name='ocr-system' content='tesseract 3.04.00' />
  <meta name='ocr-capabilities' content='ocr_page ocr_carea ocr_par ocr_line ocrx_word'/>
</head>
<body>
  <div class='ocr_page' id='page_1' title='image "./patrologiaecurs204unkngoog_0610.png"; bbox 0 0 4198 6254; ppageno 0'>
   <div class='ocr_carea' id='block_1_1' title="bbox 110 422 198 483">
    <p class='ocr_par' dir='ltr' id='par_1_1' title="bbox 110 422 198 483">
     <span class='ocr_line' id='line_1_1' title="bbox 110 422 198 483; baseline -0.023 0"><span class='ocrx_word' id='word_1_1' title='bbox 110 424 175 483; x_wconf 79' lang='lat' dir='ltr'><strong>istit</strong></span> <span class='ocrx_word' id='word_1_2' title='bbox 192 422 198 437; x_wconf 84' lang='lat'>&#39;</span> 
     </span>
    </p>
   </div>
   <div class='ocr_carea' id='block_1_2' title="bbox 763 392 1093 474">
    <p class='ocr_par' dir='ltr' id='par_1_2' title="bbox 763 392 1154 474">
     <span class='ocr_line' id='line_1_2' title="bbox 763 392 1093 474; baseline 0.008 -4"><span class='ocrx_word' id='word_1_3' title='bbox 763 404 811 471; x_wconf 83' lang='lat' dir='ltr'><strong>na¹</strong></span> <span class='ocrx_word' id='word_1_4' title='bbox 826 392 958 474; x_wconf 55' lang='lat' dir='ltr'><strong>uuerco*</strong></span> <span class='ocrx_word' id='word_1_5' title='bbox 974 400 1093 473; x_wconf 81' lang='lat' dir='ltr'><strong>uta.&#39;1r.</strong></span> 
     </span>
    </p>
   </div>
   <div class='ocr_carea' id='block_1_3' title="bbox 1646 381 1769 481">
    <p class='ocr_par' dir='ltr' id='par_1_3' title="bbox 1646 381 1769 481">
     <span class='ocr_line' id='line_1_3' title="bbox 1646 381 1769 481; baseline 0.041 -5"><span class='ocrx_word' id='word_1_6' title='bbox 1646 381 1769 481; x_wconf 65' lang='lat' dir='ltr'><strong>⁴tetla&#39;</strong></span> 
     </span>
    </p>
   </div>
   <div class='ocr_carea' id='block_1_4' title="bbox 108 506 1770 791">
    <p class='ocr_par' dir='ltr' id='par_1_4' title="bbox 108 506 1770 791">
     <span class='ocr_line' id='line_1_4' title="bbox 108 506 1770 633; baseline -0.002 -36"><span class='ocrx_word' id='word_1_7' title='bbox 108 538 211 597; x_wconf 82' lang='lat' dir='ltr'><strong>bitudo&#39;</strong></span> <span class='ocrx_word' id='word_1_8' title='bbox 223 537 352 609; x_wconf 88' lang='lat' dir='ltr'><strong>producta</strong></span> <span class='ocrx_word' id='word_1_9' title='bbox 366 542 425 602; x_wconf 86' lang='lat' dir='ltr'><strong>est;</strong></span> <span class='ocrx_word' id='word_1_10' title='bbox 440 531 512 607; x_wconf 89' lang='lat' dir='ltr'><strong>quod</strong></span> <span class='ocrx_word' id='word_1_11' title='bbox 529 531 552 587; x_wconf 91' lang='lat' dir='ltr'><strong>si</strong></span> <span class='ocrx_word' id='word_1_12' title='bbox 565 530 626 601; x_wconf 90' lang='lat' dir='ltr'><strong>quis</strong></span> <span class='ocrx_word' id='word_1_13' title='bbox 644 529 678 585; x_wconf 86' lang='lat' dir='ltr'><strong>ad</strong></span> <span class='ocrx_word' id='word_1_14' title='bbox 692 528 762 586; x_wconf 87' lang='lat' dir='ltr'><strong>hanc</strong></span> <span class='ocrx_word' id='word_1_15' title='bbox 776 530 900 599; x_wconf 73' lang='lat' dir='ltr'><strong>specuta-</strong></span> <span class='ocrx_word' id='word_1_16' title='bbox 915 506 1124 603; x_wconf 62' lang='lat' dir='ltr'><strong>p&#39;semperque&#39;</strong></span> <span class='ocrx_word' id='word_1_17' title='bbox 1141 540 1215 627; x_wconf 28' lang='lat' dir='ltr'><strong>pars.</strong></span> <span class='ocrx_word' id='word_1_18' title='bbox 1228 530 1307 586; x_wconf 90' lang='lat' dir='ltr'><strong>tertia</strong></span> <span class='ocrx_word' id='word_1_19' title='bbox 1331 508 1357 587; x_wconf 87' lang='lat' dir='ltr'><strong>in</strong></span> <span class='ocrx_word' id='word_1_20' title='bbox 1381 526 1484 589; x_wconf 83' lang='lat' dir='ltr'><strong>uitimo&#39;</strong></span> <span class='ocrx_word' id='word_1_21' title='bbox 1499 549 1610 633; x_wconf 84' lang='lat' dir='ltr'><strong>numero</strong></span> <span class='ocrx_word' id='word_1_22' title='bbox 1632 506 1748 594; x_wconf 71' lang='lat' dir='ltr'><strong>naturali</strong></span> <span class='ocrx_word' id='word_1_23' title='bbox 1766 516 1770 525; x_wconf 51' lang='lat'>⁴</span> 
     </span>
     <span class='ocr_line' id='line_1_5' title="bbox 110 612 1747 717; baseline -0.001 -30"><span class='ocrx_word' id='word_1_24' title='bbox 110 631 208 687; x_wconf 85' lang='lat' dir='ltr'><strong>tionem</strong></span> <span class='ocrx_word' id='word_1_25' title='bbox 230 628 342 698; x_wconf 69' lang='lat' dir='ltr'><strong>diligens</strong></span> <span class='ocrx_word' id='word_1_26' title='bbox 362 612 496 682; x_wconf 82' lang='lat' dir='ltr'><strong>scrutator</strong></span> <span class='ocrx_word' id='word_1_27' title='bbox 517 622 643 684; x_wconf 82' lang='lat' dir='ltr'><strong>accedat,</strong></span> <span class='ocrx_word' id='word_1_28' title='bbox 665 620 922 703; x_wconf 65' lang='lat' dir='ltr'><strong>ensesquitertiis‘</strong></span> <span class='ocrx_word' id='word_1_29' title='bbox 952 622 1068 705; x_wconf 81' lang='lat' dir='ltr'><strong>quodam</strong></span> <span class='ocrx_word' id='word_1_30' title='bbox 1083 622 1135 678; x_wconf 86' lang='lat' dir='ltr'><strong>tine</strong></span> <span class='ocrx_word' id='word_1_31' title='bbox 1149 622 1301 677; x_wconf 70' lang='lat' dir='ltr'><strong>claudatur.</strong></span> <span class='ocrx_word' id='word_1_32' title='bbox 1313 622 1389 691; x_wconf 84' lang='lat' dir='ltr'><strong>Quod</strong></span> <span class='ocrx_word' id='word_1_33' title='bbox 1401 628 1423 715; x_wconf 87' lang='lat' dir='ltr'><strong>si</strong></span> <span class='ocrx_word' id='word_1_34' title='bbox 1434 625 1609 717; x_wconf 85' lang='lat' dir='ltr'><strong>quadruplum</strong></span> <span class='ocrx_word' id='word_1_35' title='bbox 1620 629 1747 686; x_wconf 90' lang='lat' dir='ltr'><strong>statueris</strong></span> 
     </span>
     <span class='ocr_line' id='line_1_6' title="bbox 110 706 1747 791; baseline -0.001 -13"><span class='ocrx_word' id='word_1_36' title='bbox 110 720 249 779; x_wconf 84' lang='lat' dir='ltr'><strong>conversis</strong></span> <span class='ocrx_word' id='word_1_37' title='bbox 270 712 548 789; x_wconf 82' lang='lat' dir='ltr'><strong>supertripartientem</strong></span> <span class='ocrx_word' id='word_1_38' title='bbox 574 711 711 781; x_wconf 77' lang='lat' dir='ltr'><strong>producit,</strong></span> <span class='ocrx_word' id='word_1_39' title='bbox 740 714 900 780; x_wconf 75' lang='lat' dir='ltr'><strong>caterisque</strong></span> <span class='ocrx_word' id='word_1_40' title='bbox 917 710 922 751; x_wconf 87' lang='lat' dir='ltr'><strong>t</strong></span> <span class='ocrx_word' id='word_1_41' title='bbox 953 706 1155 781; x_wconf 83' lang='lat' dir='ltr'><strong>eodemmodo,</strong></span> <span class='ocrx_word' id='word_1_42' title='bbox 1172 714 1372 782; x_wconf 86' lang='lat' dir='ltr'><strong>sesquiquartus</strong></span> <span class='ocrx_word' id='word_1_43' title='bbox 1387 714 1524 784; x_wconf 80' lang='lat' dir='ltr'><strong>invenies,</strong></span> <span class='ocrx_word' id='word_1_44' title='bbox 1539 717 1561 775; x_wconf 86' lang='lat' dir='ltr'><strong>si</strong></span> <span class='ocrx_word' id='word_1_45' title='bbox 1574 716 1747 791; x_wconf 68' lang='lat' dir='ltr'><strong>quincuplum</strong></span> 
     </span>
    </p>
   </div>
   <div class='ocr_carea' id='block_1_5' title="bbox 111 803 922 875">
    <p class='ocr_par' dir='ltr' id='par_1_5' title="bbox 111 803 922 875">
     <span class='ocr_line' id='line_1_7' title="bbox 111 803 922 875; baseline -0.023 -9"><span class='ocrx_word' id='word_1_46' title='bbox 111 810 243 866; x_wconf 86' lang='lat' dir='ltr'><strong>similibus</strong></span> <span class='ocrx_word' id='word_1_47' title='bbox 264 808 399 864; x_wconf 81' lang='lat' dir='ltr'><strong>vocabulis</strong></span> <span class='ocrx_word' id='word_1_48' title='bbox 418 803 566 875; x_wconf 78' lang='lat' dir='ltr'><strong>adaquatis</strong></span> <span class='ocrx_word' id='word_1_49' title='bbox 582 808 740 859; x_wconf 80' lang='lat' dir='ltr'><strong>cunctarer</strong></span> <span class='ocrx_word' id='word_1_50' title='bbox 755 813 899 871; x_wconf 89' lang='lat' dir='ltr'><strong>superpar-</strong></span> <span class='ocrx_word' id='word_1_51' title='bbox 918 804 922 847; x_wconf 78' lang='lat' dir='ltr'>z</span> 
     </span>
    </p>
   </div>
   <div class='ocr_carea' id='block_1_6' title="bbox 56 889 924 1148">
    <p class='ocr_par' dir='ltr' id='par_1_6' title="bbox 56 889 924 1148">
     <span class='ocr_line' id='line_1_8' title="bbox 110 889 924 979; baseline -0.018 -21"><span class='ocrx_word' id='word_1_52' title='bbox 110 901 272 958; x_wconf 87' lang='lat' dir='ltr'><strong>tieuiaritato</strong></span> <span class='ocrx_word' id='word_1_53' title='bbox 283 896 504 971; x_wconf 87' lang='lat' dir='ltr'><strong>superpartientis</strong></span> <span class='ocrx_word' id='word_1_54' title='bbox 517 890 622 962; x_wconf 85' lang='lat' dir='ltr'><strong>species</strong></span> <span class='ocrx_word' id='word_1_55' title='bbox 636 892 772 979; x_wconf 82' lang='lat' dir='ltr'><strong>procreari</strong></span> <span class='ocrx_word' id='word_1_56' title='bbox 789 889 900 945; x_wconf 82' lang='lat' dir='ltr'><strong>mirabi-</strong></span> <span class='ocrx_word' id='word_1_57' title='bbox 918 894 924 917; x_wconf 83' lang='lat'>¹</span> 
     </span>
     <span class='ocr_line' id='line_1_9' title="bbox 109 980 924 1054; baseline -0.018 -5"><span class='ocrx_word' id='word_1_58' title='bbox 109 997 164 1049; x_wconf 92' lang='lat' dir='ltr'><strong>tur.</strong></span> <span class='ocrx_word' id='word_1_59' title='bbox 187 993 301 1048; x_wconf 74' lang='lat' dir='ltr'><strong>iis-uon</strong></span> <span class='ocrx_word' id='word_1_60' title='bbox 323 986 460 1045; x_wconf 86' lang='lat' dir='ltr'><strong>consertis</strong></span> <span class='ocrx_word' id='word_1_61' title='bbox 482 990 571 1039; x_wconf 73' lang='lat' dir='ltr'><strong>summ</strong></span> <span class='ocrx_word' id='word_1_62' title='bbox 593 980 898 1054; x_wconf 71' lang='lat' dir='ltr'><strong>superparticularibus,</strong></span> <span class='ocrx_word' id='word_1_63' title='bbox 912 986 924 1005; x_wconf 84' lang='lat'><strong>‘·</strong></span> 
     </span>
     <span class='ocr_line' id='line_1_10' title="bbox 56 1071 924 1148; baseline -0.02 -7"><span class='ocrx_word' id='word_1_64' title='bbox 56 1088 62 1095; x_wconf 86' lang='grc'><strong>’</strong></span> <span class='ocrx_word' id='word_1_65' title='bbox 111 1082 160 1139; x_wconf 89' lang='lat' dir='ltr'><strong>sed</strong></span> <span class='ocrx_word' id='word_1_66' title='bbox 174 1084 210 1138; x_wconf 90' lang='lat' dir='ltr'><strong>ita</strong></span> <span class='ocrx_word' id='word_1_67' title='bbox 224 1091 255 1138; x_wconf 95' lang='lat' dir='ltr'><strong>ut</strong></span> <span class='ocrx_word' id='word_1_68' title='bbox 267 1096 300 1137; x_wconf 86' lang='lat' dir='ltr'><strong>er</strong></span> <span class='ocrx_word' id='word_1_69' title='bbox 315 1075 456 1148; x_wconf 75' lang='lat' dir='ltr'><strong>multiplici</strong></span> <span class='ocrx_word' id='word_1_70' title='bbox 470 1073 602 1146; x_wconf 88' lang='lat' dir='ltr'><strong>procreati</strong></span> <span class='ocrx_word' id='word_1_71' title='bbox 615 1080 693 1139; x_wconf 90' lang='lat' dir='ltr'><strong>suut,</strong></span> <span class='ocrx_word' id='word_1_72' title='bbox 708 1071 898 1138; x_wconf 82' lang='lat' dir='ltr'><strong>manentibus,</strong></span> <span class='ocrx_word' id='word_1_73' title='bbox 915 1076 924 1089; x_wconf 78' lang='grc'><strong><em>”</em></strong></span> 
     </span>
    </p>
   </div>
   <div class='ocr_carea' id='block_1_7' title="bbox 112 1253 1056 1431">
    <p class='ocr_par' dir='ltr' id='par_1_7' title="bbox 112 1253 1056 1431">
     <span class='ocr_line' id='line_1_11' title="bbox 112 1253 1056 1335; baseline -0.014 -19"><span class='ocrx_word' id='word_1_74' title='bbox 112 1254 280 1316; x_wconf 83' lang='lat' dir='ltr'><strong>manentibus</strong></span> <span class='ocrx_word' id='word_1_75' title='bbox 296 1272 361 1312; x_wconf 86' lang='lat' dir='ltr'><strong>seru</strong></span> <span class='ocrx_word' id='word_1_76' title='bbox 375 1253 647 1327; x_wconf 77' lang='lat' dir='ltr'><strong>superpartientibus,</strong></span> <span class='ocrx_word' id='word_1_77' title='bbox 663 1255 700 1310; x_wconf 87' lang='lat' dir='ltr'><strong>ita</strong></span> <span class='ocrx_word' id='word_1_78' title='bbox 715 1262 744 1310; x_wconf 93' lang='lat' dir='ltr'><strong>ut</strong></span> <span class='ocrx_word' id='word_1_79' title='bbox 756 1268 789 1310; x_wconf 84' lang='lat' dir='ltr'><strong>ex</strong></span> <span class='ocrx_word' id='word_1_80' title='bbox 803 1268 899 1323; x_wconf 87' lang='lat' dir='ltr'><strong>super·</strong></span> <span class='ocrx_word' id='word_1_81' title='bbox 914 1258 926 1335; x_wconf 67' lang='lat' dir='ltr'><strong>i</strong></span> <span class='ocrx_word' id='word_1_82' title='bbox 983 1314 987 1327; x_wconf 76' lang='lat'><strong>.</strong></span> <span class='ocrx_word' id='word_1_83' title='bbox 1051 1326 1056 1333; x_wconf 91' lang='lat'><strong>.</strong></span> 
     </span>
     <span class='ocr_line' id='line_1_12' title="bbox 112 1344 924 1431; baseline -0.01 -26"><span class='ocrx_word' id='word_1_84' title='bbox 112 1348 319 1431; x_wconf 71' lang='lat' dir='ltr'><strong>particularibus</strong></span> <span class='ocrx_word' id='word_1_85' title='bbox 341 1346 516 1418; x_wconf 75' lang='lat' dir='ltr'><strong>prodierunt,</strong></span> <span class='ocrx_word' id='word_1_86' title='bbox 534 1360 587 1402; x_wconf 89' lang='lat' dir='ltr'><strong>uon</strong></span> <span class='ocrx_word' id='word_1_87' title='bbox 604 1346 650 1400; x_wconf 91' lang='lat' dir='ltr'><strong>alii</strong></span> <span class='ocrx_word' id='word_1_88' title='bbox 669 1346 720 1401; x_wconf 91' lang='lat' dir='ltr'><strong>nisi</strong></span> <span class='ocrx_word' id='word_1_89' title='bbox 739 1344 900 1415; x_wconf 78' lang='lat' dir='ltr'><strong>multiplices</strong></span> <span class='ocrx_word' id='word_1_90' title='bbox 913 1350 924 1379; x_wconf 74' lang='lat'><strong>¹³</strong></span> 
     </span>
    </p>
   </div>
   <div class='ocr_carea' id='block_1_8' title="bbox 112 1424 918 1509">
    <p class='ocr_par' dir='ltr' id='par_1_8' title="bbox 112 1424 918 1509">
     <span class='ocr_line' id='line_1_13' title="bbox 112 1424 918 1509; baseline -0.01 -14"><span class='ocrx_word' id='word_1_91' title='bbox 112 1434 340 1509; x_wconf 76' lang='lat' dir='ltr'><strong>superpartientes</strong></span> <span class='ocrx_word' id='word_1_92' title='bbox 350 1436 560 1507; x_wconf 85' lang='lat' dir='ltr'><strong>procreabuntur</strong></span> <span class='ocrx_word' id='word_1_93' title='bbox 577 1424 918 1505; x_wconf 71' lang='lat' dir='ltr'><strong>dodebis&#39;quidcutbac·⁴</strong></span> 
     </span>
    </p>
   </div>
   <div class='ocr_carea' id='block_1_9' title="bbox 87 1516 958 1605">
    <p class='ocr_par' dir='ltr' id='par_1_9' title="bbox 87 1516 958 1605">
     <span class='ocr_line' id='line_1_14' title="bbox 87 1516 958 1605; baseline -0.01 -20"><span class='ocrx_word' id='word_1_94' title='bbox 87 1516 206 1594; x_wconf 83' lang='lat' dir='ltr'><strong>&#39;tenus,</strong></span> <span class='ocrx_word' id='word_1_95' title='bbox 223 1526 377 1597; x_wconf 77' lang='lat' dir='ltr'><strong>diiiqestius</strong></span> <span class='ocrx_word' id='word_1_96' title='bbox 388 1525 459 1581; x_wconf 89' lang='lat' dir='ltr'><strong>enim</strong></span> <span class='ocrx_word' id='word_1_97' title='bbox 473 1525 500 1579; x_wconf 90' lang='lat' dir='ltr'><strong>in</strong></span> <span class='ocrx_word' id='word_1_98' title='bbox 513 1522 695 1581; x_wconf 76' lang='lat' dir='ltr'><strong>britbmetiore</strong></span> <span class='ocrx_word' id='word_1_99' title='bbox 708 1524 784 1581; x_wconf 88' lang='lat' dir='ltr'><strong>libris</strong></span> <span class='ocrx_word' id='word_1_100' title='bbox 800 1523 834 1579; x_wconf 91' lang='lat' dir='ltr'><strong>de</strong></span> <span class='ocrx_word' id='word_1_101' title='bbox 852 1521 902 1578; x_wconf 88' lang='lat' dir='ltr'><strong>bac</strong></span> <span class='ocrx_word' id='word_1_102' title='bbox 954 1592 958 1605; x_wconf 32' lang='lat'>¹</span> 
     </span>
    </p>
   </div>
   <div class='ocr_carea' id='block_1_10' title="bbox 114 1615 661 1763">
    <p class='ocr_par' dir='ltr' id='par_1_10' title="bbox 114 1615 661 1763">
     <span class='ocr_line' id='line_1_15' title="bbox 114 1615 661 1690; baseline -0.015 -14"><span class='ocrx_word' id='word_1_103' title='bbox 114 1618 315 1690; x_wconf 87' lang='lat' dir='ltr'><strong>eomparatione</strong></span> <span class='ocrx_word' id='word_1_104' title='bbox 327 1627 371 1674; x_wconf 88' lang='lat' dir='ltr'><strong>ess</strong></span> <span class='ocrx_word' id='word_1_105' title='bbox 387 1615 562 1686; x_wconf 88' lang='lat' dir='ltr'><strong>disputatum.</strong></span> <span class='ocrx_word' id='word_1_106' title='bbox 659 1639 661 1643; x_wconf 54' lang='lat'>&lt;</span> 
     </span>
     <span class='ocr_line' id='line_1_16' title="bbox 406 1704 604 1763; baseline -0.02 0"><span class='ocrx_word' id='word_1_107' title='bbox 406 1704 517 1763; x_wconf 68' lang='lat' dir='ltr'><strong>cdliii</strong></span> <span class='ocrx_word' id='word_1_108' title='bbox 537 1705 604 1760; x_wconf 75' lang='lat' dir='ltr'><strong>illi.</strong></span> 
     </span>
    </p>
   </div>
   <div class='ocr_carea' id='block_1_11' title="bbox 149 1796 908 1925">
    <p class='ocr_par' dir='ltr' id='par_1_11' title="bbox 149 1796 908 1925">
     <span class='ocr_line' id='line_1_17' title="bbox 149 1796 908 1880; baseline -0.012 -22"><span class='ocrx_word' id='word_1_109' title='bbox 149 1800 251 1872; x_wconf 75' lang='lat' dir='ltr'><strong>ttapstn</strong></span> <span class='ocrx_word' id='word_1_110' title='bbox 263 1798 385 1870; x_wconf 85' lang='lat' dir='ltr'><strong>qsoliibet</strong></span> <span class='ocrx_word' id='word_1_111' title='bbox 395 1798 531 1852; x_wconf 82' lang='lat' dir='ltr'><strong>continuus</strong></span> <span class='ocrx_word' id='word_1_112' title='bbox 545 1796 724 1880; x_wconf 76' lang='lat' dir='ltr'><strong>proportiones</strong></span> <span class='ocrx_word' id='word_1_113' title='bbox 734 1810 868 1866; x_wconf 86' lang='lat' dir='ltr'><strong>asperpsr·</strong></span> <span class='ocrx_word' id='word_1_114' title='bbox 903 1822 908 1827; x_wconf 70' lang='lat'>=</span> 
     </span>
     <span class='ocr_line' id='line_1_18' title="bbox 362 1868 655 1925; baseline -0.017 -1"><span class='ocrx_word' id='word_1_115' title='bbox 362 1868 481 1924; x_wconf 82' lang='lat' dir='ltr'><strong>tisslsrss</strong></span> <span class='ocrx_word' id='word_1_116' title='bbox 500 1868 655 1925; x_wconf 77' lang='lat' dir='ltr'><strong>insanientis.</strong></span> 
     </span>
    </p>
   </div>
   <div class='ocr_carea' id='block_1_12' title="bbox 149 1922 943 2041">
    <p class='ocr_par' dir='ltr' id='par_1_12' title="bbox 149 1922 943 2041">
     <span class='ocr_line' id='line_1_19' title="bbox 149 1922 943 2041; baseline -0.006 -22"><span class='ocrx_word' id='word_1_117' title='bbox 149 1961 229 2032; x_wconf 78' lang='lat' dir='ltr'><strong>Sspe</strong></span> <span class='ocrx_word' id='word_1_118' title='bbox 242 1967 332 2016; x_wconf 89' lang='lat' dir='ltr'><strong>autem</strong></span> <span class='ocrx_word' id='word_1_119' title='bbox 346 1957 443 2016; x_wconf 88' lang='lat' dir='ltr'><strong>accidit</strong></span> <span class='ocrx_word' id='word_1_120' title='bbox 453 1968 483 2014; x_wconf 90' lang='lat' dir='ltr'><strong>ut</strong></span> <span class='ocrx_word' id='word_1_121' title='bbox 494 1965 561 2026; x_wconf 89' lang='lat' dir='ltr'><strong>tres,</strong></span> <span class='ocrx_word' id='word_1_122' title='bbox 576 1957 618 2012; x_wconf 85' lang='lat' dir='ltr'><strong>rei</strong></span> <span class='ocrx_word' id='word_1_123' title='bbox 631 1966 755 2041; x_wconf 75' lang='lat' dir='ltr'><strong>quatuor,</strong></span> <span class='ocrx_word' id='word_1_124' title='bbox 769 1922 943 2028; x_wconf 60' lang='lat' dir='ltr'><strong>reiquae.B</strong></span> 
     </span>
    </p>
   </div>
   <div class='ocr_carea' id='block_1_13' title="bbox 953 796 1861 1154">
    <p class='ocr_par' dir='ltr' id='par_1_13' title="bbox 953 796 1773 977">
     <span class='ocr_line' id='line_1_20' title="bbox 953 796 1773 879; baseline 0.006 -15"><span class='ocrx_word' id='word_1_125' title='bbox 953 806 1163 878; x_wconf 84' lang='lat' dir='ltr'><strong>sesquiquintos.</strong></span> <span class='ocrx_word' id='word_1_126' title='bbox 1180 809 1221 863; x_wconf 73' lang='lat' dir='ltr'><strong>dc·</strong></span> <span class='ocrx_word' id='word_1_127' title='bbox 1232 806 1358 877; x_wconf 82' lang='lat' dir='ltr'><strong>deinceps</strong></span> <span class='ocrx_word' id='word_1_128' title='bbox 1376 798 1507 879; x_wconf 68' lang='lat' dir='ltr'><strong>singuiis</strong></span> <span class='ocrx_word' id='word_1_129' title='bbox 1523 811 1749 869; x_wconf 75' lang='lat' dir='ltr'><strong>denominationis</strong></span> <span class='ocrx_word' id='word_1_130' title='bbox 1760 796 1773 813; x_wconf 75' lang='grc'><em>”</em></span> 
     </span>
     <span class='ocr_line' id='line_1_21' title="bbox 953 899 1748 977; baseline 0.004 -20"><span class='ocrx_word' id='word_1_131' title='bbox 953 899 1108 970; x_wconf 88' lang='lat' dir='ltr'><strong>multiplicis</strong></span> <span class='ocrx_word' id='word_1_132' title='bbox 1134 908 1173 954; x_wconf 93' lang='lat' dir='ltr'><strong>tot</strong></span> <span class='ocrx_word' id='word_1_133' title='bbox 1197 899 1455 969; x_wconf 77' lang='lat' dir='ltr'><strong>superparticulares</strong></span> <span class='ocrx_word' id='word_1_134' title='bbox 1475 904 1641 972; x_wconf 85' lang='lat' dir='ltr'><strong>praecedunt,</strong></span> <span class='ocrx_word' id='word_1_135' title='bbox 1666 913 1748 977; x_wconf 87' lang='lat' dir='ltr'><strong>quote</strong></span> 
     </span>
    </p>

    <p class='ocr_par' dir='ltr' id='par_1_14' title="bbox 954 978 1861 1154">
     <span class='ocr_line' id='line_1_22' title="bbox 954 978 1861 1062; baseline 0.007 -14"><span class='ocrx_word' id='word_1_136' title='bbox 954 992 1014 1048; x_wconf 92' lang='lat' dir='ltr'><strong>ioco</strong></span> <span class='ocrx_word' id='word_1_137' title='bbox 1028 992 1106 1062; x_wconf 90' lang='lat' dir='ltr'><strong>ipsis</strong></span> <span class='ocrx_word' id='word_1_138' title='bbox 1119 978 1455 1050; x_wconf 79' lang='lat' dir='ltr'><strong>seunitatediscesserint.</strong></span> <span class='ocrx_word' id='word_1_139' title='bbox 1467 993 1551 1050; x_wconf 91' lang='lat' dir='ltr'><strong>Unam</strong></span> <span class='ocrx_word' id='word_1_140' title='bbox 1565 1004 1631 1051; x_wconf 81' lang='lat' dir='ltr'><strong>verb</strong></span> <span class='ocrx_word' id='word_1_141' title='bbox 1644 1004 1748 1053; x_wconf 89' lang='lat' dir='ltr'><strong>tautum</strong></span> <span class='ocrx_word' id='word_1_142' title='bbox 1858 1028 1861 1035; x_wconf 88' lang='lat'><strong>.</strong></span> 
     </span>
     <span class='ocr_line' id='line_1_23' title="bbox 954 1081 1749 1154; baseline 0.01 -17"><span class='ocrx_word' id='word_1_143' title='bbox 954 1081 1094 1154; x_wconf 87' lang='lat' dir='ltr'><strong>quadrupli</strong></span> <span class='ocrx_word' id='word_1_144' title='bbox 1109 1082 1310 1152; x_wconf 82' lang='lat' dir='ltr'><strong>dispositionem</strong></span> <span class='ocrx_word' id='word_1_145' title='bbox 1324 1092 1470 1153; x_wconf 82' lang='lat' dir='ltr'><strong>ponemus,</strong></span> <span class='ocrx_word' id='word_1_146' title='bbox 1487 1083 1557 1140; x_wconf 89' lang='lat' dir='ltr'><strong>utin</strong></span> <span class='ocrx_word' id='word_1_147' title='bbox 1576 1099 1608 1142; x_wconf 87' lang='lat' dir='ltr'><strong>ea</strong></span> <span class='ocrx_word' id='word_1_148' title='bbox 1630 1085 1699 1143; x_wconf 88' lang='lat' dir='ltr'><strong>sicut</strong></span> <span class='ocrx_word' id='word_1_149' title='bbox 1720 1087 1749 1145; x_wconf 87' lang='lat' dir='ltr'><strong>in</strong></span> 
     </span>
    </p>
   </div>
   <div class='ocr_carea' id='block_1_14' title="bbox 111 1161 1658 1247">
    <p class='ocr_par' dir='ltr' id='par_1_15' title="bbox 111 1161 1658 1247">
     <span class='ocr_line' id='line_1_24' title="bbox 111 1161 1658 1247; baseline 0.002 -15"><span class='ocrx_word' id='word_1_150' title='bbox 111 1184 222 1228; x_wconf 70' lang='lat' dir='ltr'><strong>messes</strong></span> <span class='ocrx_word' id='word_1_151' title='bbox 240 1176 283 1225; x_wconf 58' lang='grc' dir='ltr'><strong>αἱ</strong></span> <span class='ocrx_word' id='word_1_152' title='bbox 295 1165 457 1235; x_wconf 83' lang='lat' dir='ltr'><strong>miritipiices</strong></span> <span class='ocrx_word' id='word_1_153' title='bbox 476 1163 733 1235; x_wconf 62' lang='lat' dir='ltr'><strong>&#39;lwifllfiffllifiss</strong></span> <span class='ocrx_word' id='word_1_154' title='bbox 746 1161 843 1217; x_wconf 66' lang='lat'><strong>“⁰²¹¹-</strong></span> <span class='ocrx_word' id='word_1_155' title='bbox 860 1161 900 1217; x_wconf 55' lang='grc' dir='ltr'><strong>ΒΧ</strong></span> <span class='ocrx_word' id='word_1_156' title='bbox 915 1168 921 1179; x_wconf 92' lang='grc'><strong>’</strong></span> <span class='ocrx_word' id='word_1_157' title='bbox 954 1178 1059 1232; x_wconf 80' lang='lat' dir='ltr'><strong>ceteris</strong></span> <span class='ocrx_word' id='word_1_158' title='bbox 1070 1176 1154 1233; x_wconf 90' lang='lat' dir='ltr'><strong>lectur</strong></span> <span class='ocrx_word' id='word_1_159' title='bbox 1167 1175 1279 1247; x_wconf 75' lang='lat' dir='ltr'><strong>diligens</strong></span> <span class='ocrx_word' id='word_1_160' title='bbox 1289 1191 1402 1234; x_wconf 87' lang='lat' dir='ltr'><strong>acunreo</strong></span> <span class='ocrx_word' id='word_1_161' title='bbox 1416 1179 1512 1235; x_wconf 81' lang='lat' dir='ltr'><strong>mesatis</strong></span> <span class='ocrx_word' id='word_1_162' title='bbox 1524 1188 1658 1237; x_wconf 82' lang='lat' dir='ltr'><strong>exerceat.</strong></span> 
     </span>
    </p>
   </div>
   <div class='ocr_carea' id='block_1_15' title="bbox 971 1308 1750 1490">
    <p class='ocr_par' dir='ltr' id='par_1_16' title="bbox 971 1308 1750 1490">
     <span class='ocr_line' id='line_1_25' title="bbox 1246 1308 1403 1375; baseline 0.019 -18"><span class='ocrx_word' id='word_1_163' title='bbox 1246 1316 1248 1323; x_wconf 85' lang='grc'><strong>’</strong></span> <span class='ocrx_word' id='word_1_164' title='bbox 1293 1308 1403 1375; x_wconf 85' lang='lat' dir='ltr'><strong>Latitudo</strong></span> 
     </span>
     <span class='ocr_line' id='line_1_26' title="bbox 971 1387 1750 1490; baseline 0.017 -30"><span class='ocrx_word' id='word_1_165' title='bbox 971 1411 1159 1487; x_wconf 67' lang='lat' dir='ltr'><strong>Quadrupliiui</strong></span> <span class='ocrx_word' id='word_1_166' title='bbox 1188 1426 1199 1474; x_wconf 73' lang='grc' dir='ltr'>ι</span> <span class='ocrx_word' id='word_1_167' title='bbox 1231 1411 1316 1490; x_wconf 70' lang='lat' dir='ltr'><strong>isi</strong></span> <span class='ocrx_word' id='word_1_168' title='bbox 1341 1425 1370 1473; x_wconf 76' lang='lat' dir='ltr'><strong>ts</strong></span> <span class='ocrx_word' id='word_1_169' title='bbox 1418 1425 1450 1477; x_wconf 74' lang='lat' dir='ltr'><strong>os</strong></span> <span class='ocrx_word' id='word_1_170' title='bbox 1491 1427 1537 1476; x_wconf 70' lang='lat'><strong>256</strong></span> <span class='ocrx_word' id='word_1_171' title='bbox 1581 1387 1750 1481; x_wconf 72' lang='lat' dir='ltr'><strong>sesquiquarti</strong></span> 
     </span>
    </p>
   </div>
   <div class='ocr_carea' id='block_1_16' title="bbox 1227 1480 1772 1680">
    <p class='ocr_par' dir='ltr' id='par_1_17' title="bbox 1227 1480 1772 1688">
     <span class='ocr_line' id='line_1_27' title="bbox 1228 1480 1751 1605; baseline 0.025 -25"><span class='ocrx_word' id='word_1_172' title='bbox 1228 1502 1234 1580; x_wconf 90' lang='lat' dir='ltr'><strong>t</strong></span> <span class='ocrx_word' id='word_1_173' title='bbox 1265 1517 1281 1566; x_wconf 71' lang='lat' dir='ltr'><strong>t</strong></span> <span class='ocrx_word' id='word_1_174' title='bbox 1309 1503 1315 1582; x_wconf 92' lang='lat' dir='ltr'><strong>t</strong></span> <span class='ocrx_word' id='word_1_175' title='bbox 1338 1509 1368 1557; x_wconf 73' lang='lat'><strong>2.</strong></span> <span class='ocrx_word' id='word_1_176' title='bbox 1417 1517 1449 1567; x_wconf 79' lang='lat' dir='ltr'><strong>u</strong></span> <span class='ocrx_word' id='word_1_177' title='bbox 1469 1504 1536 1583; x_wconf 69' lang='lat' dir='ltr'><strong>tra</strong></span> <span class='ocrx_word' id='word_1_178' title='bbox 1564 1480 1751 1605; x_wconf 60' lang='lat' dir='ltr'><strong>dimidii:</strong></span> 
     </span>
     <span class='ocr_line' id='line_1_28' title="bbox 1227 1503 1772 1680; baseline 0.015 -34"><span class='ocrx_word' id='word_1_179' title='bbox 1227 1503 1545 1677; x_wconf 45' lang='lat' dir='ltr'><strong>—WLV</strong></span> <span class='ocrx_word' id='word_1_180' title='bbox 1566 1614 1619 1652; x_wconf 90' lang='lat' dir='ltr'><strong>mos</strong></span> <span class='ocrx_word' id='word_1_181' title='bbox 1656 1634 1658 1639; x_wconf 69' lang='lat'><strong>,</strong></span> <span class='ocrx_word' id='word_1_182' title='bbox 1764 1673 1772 1680; x_wconf 95' lang='lat'><strong>.</strong></span> 
     </span>
    </p>
   </div>
   <div class='ocr_carea' id='block_1_17' title="bbox 955 1472 1092 1523">
    <p class='ocr_par' dir='ltr' id='par_1_18' title="bbox 955 1472 1092 1523">
     <span class='ocr_line' id='line_1_29' title="bbox 955 1472 1092 1523; baseline 0.007 -1"><span class='ocrx_word' id='word_1_183' title='bbox 955 1472 1092 1523; x_wconf 87' lang='lat' dir='ltr'><strong>latitudine.</strong></span> 
     </span>
    </p>
   </div>
   <div class='ocr_carea' id='block_1_18' title="bbox 85 2049 998 2127">
    <p class='ocr_par' dir='ltr' id='par_1_19' title="bbox 85 2049 998 2127">
     <span class='ocr_line' id='line_1_30' title="bbox 85 2049 998 2127; baseline -0.008 -16"><span class='ocrx_word' id='word_1_184' title='bbox 85 2058 90 2063; x_wconf 88' lang='lat'>&#39;</span> <span class='ocrx_word' id='word_1_185' title='bbox 115 2054 184 2112; x_wconf 88' lang='lat' dir='ltr'><strong>libet</strong></span> <span class='ocrx_word' id='word_1_186' title='bbox 195 2067 286 2124; x_wconf 79' lang='lat' dir='ltr'><strong>equas</strong></span> <span class='ocrx_word' id='word_1_187' title='bbox 299 2051 584 2124; x_wconf 86' lang='lat' dir='ltr'><strong>superparticularium</strong></span> <span class='ocrx_word' id='word_1_188' title='bbox 597 2049 785 2121; x_wconf 84' lang='lat' dir='ltr'><strong>proportiones</strong></span> <span class='ocrx_word' id='word_1_189' title='bbox 798 2049 832 2127; x_wconf 81' lang='lat' dir='ltr'><strong>de</strong></span> <span class='ocrx_word' id='word_1_190' title='bbox 846 2064 923 2107; x_wconf 77' lang='lat' dir='ltr'><strong>mu-.·‹</strong></span> <span class='ocrx_word' id='word_1_191' title='bbox 993 2109 998 2117; x_wconf 61' lang='grc'><strong><em>,</em></strong></span> 
     </span>
    </p>
   </div>
   <div class='ocr_carea' id='block_1_19' title="bbox 115 2140 924 2225">
    <p class='ocr_par' dir='ltr' id='par_1_20' title="bbox 115 2140 924 2225">
     <span class='ocr_line' id='line_1_31' title="bbox 115 2140 924 2225; baseline -0.009 -23"><span class='ocrx_word' id='word_1_192' title='bbox 115 2146 171 2225; x_wconf 74' lang='lat' dir='ltr'><strong>sica</strong></span> <span class='ocrx_word' id='word_1_193' title='bbox 181 2144 333 2216; x_wconf 89' lang='lat' dir='ltr'><strong>disputator</strong></span> <span class='ocrx_word' id='word_1_194' title='bbox 342 2142 470 2214; x_wconf 85' lang='lat' dir='ltr'><strong>inquirat.</strong></span> <span class='ocrx_word' id='word_1_195' title='bbox 482 2140 535 2198; x_wconf 84' lang='lat' dir='ltr'><strong>Sed</strong></span> <span class='ocrx_word' id='word_1_196' title='bbox 548 2156 582 2197; x_wconf 92' lang='lat' dir='ltr'><strong>ue</strong></span> <span class='ocrx_word' id='word_1_197' title='bbox 596 2141 624 2196; x_wconf 90' lang='lat' dir='ltr'><strong>id</strong></span> <span class='ocrx_word' id='word_1_198' title='bbox 636 2149 789 2211; x_wconf 86' lang='lat' dir='ltr'><strong>cassasque</strong></span> <span class='ocrx_word' id='word_1_199' title='bbox 801 2140 924 2199; x_wconf 50' lang='lat' dir='ltr'><strong>inscitia».</strong></span> 
     </span>
    </p>
   </div>
   <div class='ocr_carea' id='block_1_20' title="bbox 116 2231 905 2303">
    <p class='ocr_par' dir='ltr' id='par_1_21' title="bbox 116 2231 905 2303">
     <span class='ocr_line' id='line_1_32' title="bbox 116 2231 905 2303; baseline -0.005 -11"><span class='ocrx_word' id='word_1_200' title='bbox 116 2236 264 2302; x_wconf 88' lang='lat' dir='ltr'><strong>iacientes,</strong></span> <span class='ocrx_word' id='word_1_201' title='bbox 278 2249 356 2291; x_wconf 90' lang='lat' dir='ltr'><strong>error</strong></span> <span class='ocrx_word' id='word_1_202' title='bbox 374 2233 443 2290; x_wconf 89' lang='lat' dir='ltr'><strong>ullus</strong></span> <span class='ocrx_word' id='word_1_203' title='bbox 455 2231 620 2291; x_wconf 87' lang='lat' dir='ltr'><strong>diilleultstis</strong></span> <span class='ocrx_word' id='word_1_204' title='bbox 639 2231 781 2303; x_wconf 90' lang='lat' dir='ltr'><strong>impediat,</strong></span> <span class='ocrx_word' id='word_1_205' title='bbox 798 2232 848 2288; x_wconf 90' lang='lat' dir='ltr'><strong>bac</strong></span> <span class='ocrx_word' id='word_1_206' title='bbox 860 2247 905 2288; x_wconf 87' lang='lat' dir='ltr'><strong>re·</strong></span> 
     </span>
    </p>
   </div>
   <div class='ocr_carea' id='block_1_21' title="bbox 5 2323 922 2582">
    <p class='ocr_par' dir='ltr' id='par_1_22' title="bbox 5 2323 922 2582">
     <span class='ocr_line' id='line_1_33' title="bbox 5 2323 907 2405; baseline -0.003 -22"><span class='ocrx_word' id='word_1_207' title='bbox 5 2366 8 2375; x_wconf 72' lang='lat'><strong>.</strong></span> <span class='ocrx_word' id='word_1_208' title='bbox 115 2328 180 2400; x_wconf 67' lang='lat' dir='ltr'><strong>suia</strong></span> <span class='ocrx_word' id='word_1_209' title='bbox 195 2325 327 2398; x_wconf 79' lang='lat' dir='ltr'><strong>quotlibet</strong></span> <span class='ocrx_word' id='word_1_210' title='bbox 345 2338 436 2396; x_wconf 72' lang='lat' dir='ltr'><strong>equas</strong></span> <span class='ocrx_word' id='word_1_211' title='bbox 454 2326 641 2395; x_wconf 85' lang='lat' dir='ltr'><strong>proportiones</strong></span> <span class='ocrx_word' id='word_1_212' title='bbox 662 2339 703 2391; x_wconf 73' lang='lat' dir='ltr'><strong>es¹</strong></span> <span class='ocrx_word' id='word_1_213' title='bbox 714 2323 907 2405; x_wconf 85' lang='lat' dir='ltr'><strong>multiplicitate</strong></span> 
     </span>
     <span class='ocr_line' id='line_1_34' title="bbox 5 2414 922 2499; baseline 0.009 -32"><span class='ocrx_word' id='word_1_214' title='bbox 5 2460 8 2467; x_wconf 80' lang='grc'>,</span> <span class='ocrx_word' id='word_1_215' title='bbox 119 2420 258 2475; x_wconf 84' lang='lat' dir='ltr'><strong>ducemus.</strong></span> <span class='ocrx_word' id='word_1_216' title='bbox 278 2417 464 2499; x_wconf 85' lang='lat' dir='ltr'><strong>Unusquisque</strong></span> <span class='ocrx_word' id='word_1_217' title='bbox 476 2414 618 2485; x_wconf 80' lang='lat' dir='ltr'><strong>multipies</strong></span> <span class='ocrx_word' id='word_1_218' title='bbox 634 2416 668 2471; x_wconf 90' lang='lat' dir='ltr'><strong>sb</strong></span> <span class='ocrx_word' id='word_1_219' title='bbox 686 2416 788 2472; x_wconf 89' lang='lat' dir='ltr'><strong>unitate</strong></span> <span class='ocrx_word' id='word_1_220' title='bbox 804 2417 922 2474; x_wconf 73' lang='lat' dir='ltr'><strong>scilicet¹</strong></span> 
     </span>
     <span class='ocr_line' id='line_1_35' title="bbox 5 2504 922 2582; baseline 0.001 -22"><span class='ocrx_word' id='word_1_221' title='bbox 5 2546 9 2555; x_wconf 90' lang='lat'><strong>.</strong></span> <span class='ocrx_word' id='word_1_222' title='bbox 86 2550 99 2561; x_wconf 82' lang='lat'><strong>.</strong></span> <span class='ocrx_word' id='word_1_223' title='bbox 119 2516 304 2582; x_wconf 84' lang='lat' dir='ltr'><strong>computatus,</strong></span> <span class='ocrx_word' id='word_1_224' title='bbox 318 2515 358 2562; x_wconf 91' lang='lat' dir='ltr'><strong>tot</strong></span> <span class='ocrx_word' id='word_1_225' title='bbox 378 2505 635 2578; x_wconf 86' lang='lat' dir='ltr'><strong>superparticulares</strong></span> <span class='ocrx_word' id='word_1_226' title='bbox 651 2504 821 2564; x_wconf 78' lang='lat' dir='ltr'><strong>habitudines</strong></span> <span class='ocrx_word' id='word_1_227' title='bbox 836 2524 922 2579; x_wconf 60' lang='lat' dir='ltr'><strong>praa,</strong></span> 
     </span>
    </p>
   </div>
   <div class='ocr_carea' id='block_1_22' title="bbox 117 2597 907 2673">
    <p class='ocr_par' dir='ltr' id='par_1_23' title="bbox 117 2597 907 2673">
     <span class='ocr_line' id='line_1_36' title="bbox 117 2597 907 2673; baseline -0.009 -11"><span class='ocrx_word' id='word_1_228' title='bbox 117 2604 204 2673; x_wconf 87' lang='lat' dir='ltr'><strong>cedit,</strong></span> <span class='ocrx_word' id='word_1_229' title='bbox 218 2616 275 2658; x_wconf 77' lang='lat' dir='ltr'><strong>sue</strong></span> <span class='ocrx_word' id='word_1_230' title='bbox 288 2599 391 2656; x_wconf 89' lang='lat' dir='ltr'><strong>scilicet</strong></span> <span class='ocrx_word' id='word_1_231' title='bbox 408 2597 436 2654; x_wconf 91' lang='lat' dir='ltr'><strong>in</strong></span> <span class='ocrx_word' id='word_1_232' title='bbox 456 2599 617 2657; x_wconf 87' lang='lat' dir='ltr'><strong>contrariam</strong></span> <span class='ocrx_word' id='word_1_233' title='bbox 632 2607 735 2669; x_wconf 88' lang='lat' dir='ltr'><strong>partem</strong></span> <span class='ocrx_word' id='word_1_234' title='bbox 750 2600 907 2656; x_wconf 88' lang='lat' dir='ltr'><strong>denomina-</strong></span> 
     </span>
    </p>
   </div>
   <div class='ocr_carea' id='block_1_23' title="bbox 5 2690 923 2856">
    <p class='ocr_par' dir='ltr' id='par_1_24' title="bbox 5 2690 923 2856">
     <span class='ocr_line' id='line_1_37' title="bbox 5 2690 923 2763; baseline -0.007 -10"><span class='ocrx_word' id='word_1_235' title='bbox 5 2694 9 2723; x_wconf 76' lang='lat'>&#39;</span> <span class='ocrx_word' id='word_1_236' title='bbox 117 2696 216 2759; x_wconf 90' lang='lat' dir='ltr'><strong>tionis,</strong></span> <span class='ocrx_word' id='word_1_237' title='bbox 238 2702 335 2763; x_wconf 88' lang='lat' dir='ltr'><strong>quotus</strong></span> <span class='ocrx_word' id='word_1_238' title='bbox 357 2690 414 2762; x_wconf 91' lang='lat' dir='ltr'><strong>ipse</strong></span> <span class='ocrx_word' id='word_1_239' title='bbox 437 2691 471 2747; x_wconf 90' lang='lat' dir='ltr'><strong>ab</strong></span> <span class='ocrx_word' id='word_1_240' title='bbox 495 2691 599 2747; x_wconf 91' lang='lat' dir='ltr'><strong>unitate</strong></span> <span class='ocrx_word' id='word_1_241' title='bbox 621 2699 635 2729; x_wconf 80' lang='lat'>⁸</span> <span class='ocrx_word' id='word_1_242' title='bbox 661 2691 831 2755; x_wconf 69' lang='lat' dir='ltr'><strong>discesserit.¹</strong></span> <span class='ocrx_word' id='word_1_243' title='bbox 851 2692 923 2755; x_wconf 83' lang='lat' dir='ltr'><strong>iioc,</strong></span> 
     </span>
     <span class='ocr_line' id='line_1_38' title="bbox 5 2773 907 2856; baseline -0.006 -11"><span class='ocrx_word' id='word_1_244' title='bbox 5 2798 10 2819; x_wconf 71' lang='lat'><strong>⁸</strong></span> <span class='ocrx_word' id='word_1_245' title='bbox 118 2787 201 2844; x_wconf 91' lang='lat' dir='ltr'><strong>modo</strong></span> <span class='ocrx_word' id='word_1_246' title='bbox 212 2794 242 2841; x_wconf 92' lang='lat' dir='ltr'><strong>ut</strong></span> <span class='ocrx_word' id='word_1_247' title='bbox 255 2773 354 2855; x_wconf 83' lang='lat' dir='ltr'><strong>duplex</strong></span> <span class='ocrx_word' id='word_1_248' title='bbox 368 2783 558 2856; x_wconf 88' lang='lat' dir='ltr'><strong>sesquialteras</strong></span> <span class='ocrx_word' id='word_1_249' title='bbox 572 2783 722 2848; x_wconf 79' lang='lat' dir='ltr'><strong>ansemdat,</strong></span> <span class='ocrx_word' id='word_1_250' title='bbox 739 2785 833 2856; x_wconf 86' lang='lat' dir='ltr'><strong>tripies</strong></span> <span class='ocrx_word' id='word_1_251' title='bbox 847 2799 907 2841; x_wconf 89' lang='lat' dir='ltr'><strong>ses·</strong></span> 
     </span>
    </p>
   </div>
   <div class='ocr_carea' id='block_1_24' title="bbox 919 2844 923 2851">
    <p class='ocr_par' dir='ltr' id='par_1_25' title="bbox 919 2844 923 2851">
     <span class='ocr_line' id='line_1_39' title="bbox 919 2844 923 2851; baseline 0 0"><span class='ocrx_word' id='word_1_252' title='bbox 919 2844 923 2851; x_wconf 75' lang='lat' dir='ltr'><strong>s</strong></span> 
     </span>
    </p>
   </div>
   <div class='ocr_carea' id='block_1_25' title="bbox 118 2876 911 2952">
    <p class='ocr_par' dir='ltr' id='par_1_26' title="bbox 118 2876 911 2952">
     <span class='ocr_line' id='line_1_40' title="bbox 118 2876 911 2952; baseline -0.004 -17"><span class='ocrx_word' id='word_1_253' title='bbox 118 2876 275 2952; x_wconf 84' lang='lat' dir='ltr'><strong>quitertiae,</strong></span> <span class='ocrx_word' id='word_1_254' title='bbox 297 2876 461 2947; x_wconf 85' lang='lat' dir='ltr'><strong>quadruplex</strong></span> <span class='ocrx_word' id='word_1_255' title='bbox 483 2876 699 2948; x_wconf 84' lang='lat' dir='ltr'><strong>sesquiquartas,</strong></span> <span class='ocrx_word' id='word_1_256' title='bbox 725 2891 758 2932; x_wconf 90' lang='lat' dir='ltr'><strong>ac</strong></span> <span class='ocrx_word' id='word_1_257' title='bbox 781 2877 911 2949; x_wconf 74' lang='lat' dir='ltr'><strong>deinceps¹</strong></span> 
     </span>
    </p>
   </div>
   <div class='ocr_carea' id='block_1_26' title="bbox 5 2965 921 3133">
    <p class='ocr_par' dir='ltr' id='par_1_27' title="bbox 5 2965 921 3133">
     <span class='ocr_line' id='line_1_41' title="bbox 5 2965 921 3040; baseline -0.012 -10"><span class='ocrx_word' id='word_1_258' title='bbox 5 2998 6 3019; x_wconf 65' lang='grc' dir='ltr'>ι</span> <span class='ocrx_word' id='word_1_259' title='bbox 119 2971 146 3029; x_wconf 92' lang='lat' dir='ltr'><strong>iu</strong></span> <span class='ocrx_word' id='word_1_260' title='bbox 164 2970 237 3026; x_wconf 85' lang='lat' dir='ltr'><strong>burro</strong></span> <span class='ocrx_word' id='word_1_261' title='bbox 252 2967 371 3024; x_wconf 90' lang='lat' dir='ltr'><strong>modum.</strong></span> <span class='ocrx_word' id='word_1_262' title='bbox 390 2968 432 3024; x_wconf 81' lang='lat' dir='ltr'><strong>Sit</strong></span> <span class='ocrx_word' id='word_1_263' title='bbox 453 2967 534 3040; x_wconf 73' lang='lat' dir='ltr'><strong>igitur</strong></span> <span class='ocrx_word' id='word_1_264' title='bbox 553 2967 695 3039; x_wconf 89' lang='lat' dir='ltr'><strong>duplorum</strong></span> <span class='ocrx_word' id='word_1_265' title='bbox 717 2965 837 3037; x_wconf 80' lang='lat' dir='ltr'><strong>subjecta</strong></span> <span class='ocrx_word' id='word_1_266' title='bbox 858 2969 921 3025; x_wconf 70' lang='grc' dir='ltr'><strong>ἀι..</strong></span> 
     </span>
     <span class='ocr_line' id='line_1_42' title="bbox 5 3060 920 3133; baseline -0.012 -15"><span class='ocrx_word' id='word_1_267' title='bbox 5 3066 9 3103; x_wconf 78' lang='lat'><strong>=¹</strong></span> <span class='ocrx_word' id='word_1_268' title='bbox 119 3060 250 3133; x_wconf 72' lang='lat' dir='ltr'><strong>sr&#39;riptio..</strong></span> <span class='ocrx_word' id='word_1_269' title='bbox 917 3098 920 3107; x_wconf 94' lang='grc'><em>,</em></span> 
     </span>
    </p>
   </div>
   <div class='ocr_carea' id='block_1_27' title="bbox 122 3154 908 3250">
    <p class='ocr_par' dir='ltr' id='par_1_28' title="bbox 122 3154 908 3250">
     <span class='ocr_line' id='line_1_43' title="bbox 122 3154 908 3250; baseline 0.004 -2"><span class='ocrx_word' id='word_1_270' title='bbox 122 3154 908 3250; x_wconf 50' lang='lat' dir='ltr'><strong>norwit-inimi-</strong></span> 
     </span>
    </p>
   </div>
   <div class='ocr_carea' id='block_1_28' title="bbox 956 2172 1801 3277">
    <p class='ocr_par' dir='ltr' id='par_1_29' title="bbox 956 2172 1801 3277">
     <span class='ocr_line' id='line_1_44' title="bbox 956 2172 1752 2251; baseline 0.026 -21"><span class='ocrx_word' id='word_1_271' title='bbox 956 2172 1021 2231; x_wconf 73' lang='lat' dir='ltr'><strong>lisso</strong></span> <span class='ocrx_word' id='word_1_272' title='bbox 1038 2176 1118 2247; x_wconf 73' lang='lat' dir='ltr'><strong>igitur</strong></span> <span class='ocrx_word' id='word_1_273' title='bbox 1131 2180 1278 2250; x_wconf 88' lang='lat' dir='ltr'><strong>speculatio</strong></span> <span class='ocrx_word' id='word_1_274' title='bbox 1299 2184 1333 2239; x_wconf 91' lang='lat' dir='ltr'><strong>sd</strong></span> <span class='ocrx_word' id='word_1_275' title='bbox 1351 2185 1422 2243; x_wconf 86' lang='lat' dir='ltr'><strong>banc</strong></span> <span class='ocrx_word' id='word_1_276' title='bbox 1440 2188 1582 2247; x_wconf 87' lang='lat' dir='ltr'><strong>utilitatem</strong></span> <span class='ocrx_word' id='word_1_277' title='bbox 1595 2191 1700 2250; x_wconf 87' lang='lat' dir='ltr'><strong>ridetur</strong></span> <span class='ocrx_word' id='word_1_278' title='bbox 1714 2192 1752 2251; x_wconf 90' lang='lat' dir='ltr'><strong>io.</strong></span> 
     </span>
     <span class='ocr_line' id='line_1_45' title="bbox 958 2273 1772 2356; baseline 0.031 -34"><span class='ocrx_word' id='word_1_279' title='bbox 958 2279 1053 2341; x_wconf 85' lang='lat' dir='ltr'><strong>senta,</strong></span> <span class='ocrx_word' id='word_1_280' title='bbox 1070 2280 1099 2328; x_wconf 93' lang='lat' dir='ltr'><strong>ut</strong></span> <span class='ocrx_word' id='word_1_281' title='bbox 1115 2273 1376 2348; x_wconf 81' lang='lat' dir='ltr'><strong>quotienscunque-i</strong></span> <span class='ocrx_word' id='word_1_282' title='bbox 1389 2279 1433 2337; x_wconf 89' lang='lat' dir='ltr'><strong>sel</strong></span> <span class='ocrx_word' id='word_1_283' title='bbox 1446 2280 1479 2349; x_wconf 82' lang='lat' dir='ltr'><strong>b,</strong></span> <span class='ocrx_word' id='word_1_284' title='bbox 1493 2283 1536 2340; x_wconf 88' lang='lat' dir='ltr'><strong>rei</strong></span> <span class='ocrx_word' id='word_1_285' title='bbox 1548 2286 1683 2356; x_wconf 88' lang='lat' dir='ltr'><strong>quotlibet</strong></span> <span class='ocrx_word' id='word_1_286' title='bbox 1695 2298 1754 2346; x_wconf 87' lang='lat' dir='ltr'><strong>ses·</strong></span> <span class='ocrx_word' id='word_1_287' title='bbox 1769 2300 1772 2305; x_wconf 83' lang='lat'>&#39;</span> 
     </span>
     <span class='ocr_line' id='line_1_46' title="bbox 957 2362 1753 2449; baseline 0.033 -34"><span class='ocrx_word' id='word_1_288' title='bbox 957 2362 1117 2431; x_wconf 87' lang='lat' dir='ltr'><strong>quiuiteros,</strong></span> <span class='ocrx_word' id='word_1_289' title='bbox 1132 2363 1175 2420; x_wconf 86' lang='lat' dir='ltr'><strong>vei</strong></span> <span class='ocrx_word' id='word_1_290' title='bbox 1189 2368 1387 2439; x_wconf 89' lang='lat' dir='ltr'><strong>sesquitertios,</strong></span> <span class='ocrx_word' id='word_1_291' title='bbox 1403 2374 1448 2430; x_wconf 84' lang='lat' dir='ltr'><strong>rei</strong></span> <span class='ocrx_word' id='word_1_292' title='bbox 1464 2375 1683 2449; x_wconf 85' lang='lat' dir='ltr'><strong>sesquioctavos,</strong></span> <span class='ocrx_word' id='word_1_293' title='bbox 1710 2380 1753 2443; x_wconf 82' lang='lat' dir='ltr'><strong>vsi</strong></span> 
     </span>
     <span class='ocr_line' id='line_1_47' title="bbox 957 2448 1753 2545; baseline 0.034 -41"><span class='ocrx_word' id='word_1_294' title='bbox 957 2455 1089 2525; x_wconf 83' lang='lat' dir='ltr'><strong>quotlibet</strong></span> <span class='ocrx_word' id='word_1_295' title='bbox 1098 2455 1170 2513; x_wconf 86' lang='lat' dir='ltr'><strong>alias</strong></span> <span class='ocrx_word' id='word_1_296' title='bbox 1183 2448 1370 2529; x_wconf 86' lang='lat' dir='ltr'><strong>proportiones</strong></span> <span class='ocrx_word' id='word_1_297' title='bbox 1383 2468 1444 2536; x_wconf 91' lang='lat' dir='ltr'><strong>quis</strong></span> <span class='ocrx_word' id='word_1_298' title='bbox 1453 2468 1618 2543; x_wconf 71' lang='lat' dir='ltr'><strong>investigare</strong></span> <span class='ocrx_word' id='word_1_299' title='bbox 1626 2474 1753 2545; x_wconf 83' lang='lat' dir='ltr'><strong>soluerit,</strong></span> 
     </span>
     <span class='ocr_line' id='line_1_48' title="bbox 958 2546 1753 2634; baseline 0.025 -33"><span class='ocrx_word' id='word_1_300' title='bbox 958 2546 1034 2602; x_wconf 89' lang='lat' dir='ltr'><strong>nulio</strong></span> <span class='ocrx_word' id='word_1_301' title='bbox 1054 2562 1147 2607; x_wconf 89' lang='lat' dir='ltr'><strong>errore</strong></span> <span class='ocrx_word' id='word_1_302' title='bbox 1167 2550 1282 2620; x_wconf 85' lang='lat' dir='ltr'><strong>labatur,</strong></span> <span class='ocrx_word' id='word_1_303' title='bbox 1307 2564 1390 2630; x_wconf 92' lang='lat' dir='ltr'><strong>utque</strong></span> <span class='ocrx_word' id='word_1_304' title='bbox 1411 2573 1466 2616; x_wconf 89' lang='lat' dir='ltr'><strong>non</strong></span> <span class='ocrx_word' id='word_1_305' title='bbox 1487 2561 1512 2618; x_wconf 86' lang='lat' dir='ltr'><strong>ci</strong></span> <span class='ocrx_word' id='word_1_306' title='bbox 1532 2578 1646 2619; x_wconf 80' lang='lat' dir='ltr'><strong>numero</strong></span> <span class='ocrx_word' id='word_1_307' title='bbox 1666 2564 1753 2634; x_wconf 90' lang='lat' dir='ltr'><strong>primo</strong></span> 
     </span>
     <span class='ocr_line' id='line_1_49' title="bbox 959 2640 1754 2731; baseline 0.031 -34"><span class='ocrx_word' id='word_1_308' title='bbox 959 2643 1026 2700; x_wconf 85' lang='lat' dir='ltr'><strong>tales</strong></span> <span class='ocrx_word' id='word_1_309' title='bbox 1044 2640 1232 2716; x_wconf 89' lang='lat' dir='ltr'><strong>proportiones</strong></span> <span class='ocrx_word' id='word_1_310' title='bbox 1251 2661 1356 2721; x_wconf 75' lang='lat' dir='ltr'><strong>querat</strong></span> <span class='ocrx_word' id='word_1_311' title='bbox 1376 2666 1484 2725; x_wconf 90' lang='lat' dir='ltr'><strong>aptare,</strong></span> <span class='ocrx_word' id='word_1_312' title='bbox 1500 2659 1544 2731; x_wconf 91' lang='lat' dir='ltr'><strong>qui</strong></span> <span class='ocrx_word' id='word_1_313' title='bbox 1559 2662 1649 2730; x_wconf 87' lang='lat' dir='ltr'><strong>quanti</strong></span> <span class='ocrx_word' id='word_1_314' title='bbox 1670 2657 1754 2722; x_wconf 72' lang='lat' dir='ltr'><strong>dsiut</strong></span> 
     </span>
     <span class='ocr_line' id='line_1_50' title="bbox 958 2737 1753 2823; baseline 0.028 -36"><span class='ocrx_word' id='word_1_315' title='bbox 958 2737 1106 2803; x_wconf 86' lang='lat' dir='ltr'><strong>propositi,</strong></span> <span class='ocrx_word' id='word_1_316' title='bbox 1121 2746 1162 2793; x_wconf 92' lang='lat' dir='ltr'><strong>tot</strong></span> <span class='ocrx_word' id='word_1_317' title='bbox 1172 2741 1339 2811; x_wconf 75' lang='lat' dir='ltr'><strong>praecedere,</strong></span> <span class='ocrx_word' id='word_1_318' title='bbox 1355 2755 1381 2799; x_wconf 89' lang='lat' dir='ltr'><strong>et</strong></span> <span class='ocrx_word' id='word_1_319' title='bbox 1395 2755 1457 2815; x_wconf 90' lang='lat' dir='ltr'><strong>post</strong></span> <span class='ocrx_word' id='word_1_320' title='bbox 1469 2752 1498 2802; x_wconf 85' lang='lat' dir='ltr'><strong>&#39;se</strong></span> <span class='ocrx_word' id='word_1_321' title='bbox 1511 2748 1609 2806; x_wconf 89' lang='lat' dir='ltr'><strong>babere</strong></span> <span class='ocrx_word' id='word_1_322' title='bbox 1623 2765 1677 2807; x_wconf 92' lang='lat' dir='ltr'><strong>non</strong></span> <span class='ocrx_word' id='word_1_323' title='bbox 1692 2767 1753 2823; x_wconf 86' lang='lat' dir='ltr'><strong>pos·</strong></span> 
     </span>
     <span class='ocr_line' id='line_1_51' title="bbox 959 2824 1752 2914; baseline 0.025 -35"><span class='ocrx_word' id='word_1_324' title='bbox 959 2828 1005 2879; x_wconf 85' lang='lat' dir='ltr'><strong>sit.</strong></span> <span class='ocrx_word' id='word_1_325' title='bbox 1021 2825 1074 2882; x_wconf 63' lang='lat' dir='ltr'><strong>ssd</strong></span> <span class='ocrx_word' id='word_1_326' title='bbox 1088 2826 1213 2898; x_wconf 86' lang='lat' dir='ltr'><strong>disponat</strong></span> <span class='ocrx_word' id='word_1_327' title='bbox 1225 2834 1313 2901; x_wconf 91' lang='lat' dir='ltr'><strong>potius</strong></span> <span class='ocrx_word' id='word_1_328' title='bbox 1327 2834 1499 2907; x_wconf 84' lang='lat' dir='ltr'><strong>multiplices,</strong></span> <span class='ocrx_word' id='word_1_329' title='bbox 1513 2838 1654 2910; x_wconf 87' lang='lat' dir='ltr'><strong>ridentque</strong></span> <span class='ocrx_word' id='word_1_330' title='bbox 1667 2824 1752 2914; x_wconf 74' lang='lat' dir='ltr'><strong>quau·</strong></span> 
     </span>
     <span class='ocr_line' id='line_1_52' title="bbox 960 2921 1751 3004; baseline 0.025 -33"><span class='ocrx_word' id='word_1_331' title='bbox 960 2924 1002 2972; x_wconf 91' lang='lat' dir='ltr'><strong>tos</strong></span> <span class='ocrx_word' id='word_1_332' title='bbox 1020 2921 1278 2989; x_wconf 88' lang='lat' dir='ltr'><strong>superparticulares</strong></span> <span class='ocrx_word' id='word_1_333' title='bbox 1298 2926 1425 2996; x_wconf 83' lang='lat' dir='ltr'><strong>requirit,</strong></span> <span class='ocrx_word' id='word_1_334' title='bbox 1446 2944 1560 3001; x_wconf 89' lang='lat' dir='ltr'><strong>eumque</strong></span> <span class='ocrx_word' id='word_1_335' title='bbox 1574 2932 1751 3004; x_wconf 89' lang='lat' dir='ltr'><strong>multiplicem</strong></span> 
     </span>
     <span class='ocr_line' id='line_1_53' title="bbox 959 3010 1801 3091; baseline 0.024 -26"><span class='ocrx_word' id='word_1_336' title='bbox 959 3010 1101 3078; x_wconf 86' lang='lat' dir='ltr'><strong>respiciat,</strong></span> <span class='ocrx_word' id='word_1_337' title='bbox 1117 3013 1163 3083; x_wconf 89' lang='lat' dir='ltr'><strong>qui</strong></span> <span class='ocrx_word' id='word_1_338' title='bbox 1177 3028 1211 3070; x_wconf 88' lang='lat' dir='ltr'><strong>eo</strong></span> <span class='ocrx_word' id='word_1_339' title='bbox 1226 3015 1286 3072; x_wconf 92' lang='lat' dir='ltr'><strong>ioco</strong></span> <span class='ocrx_word' id='word_1_340' title='bbox 1297 3017 1332 3073; x_wconf 88' lang='lat' dir='ltr'><strong>ab</strong></span> <span class='ocrx_word' id='word_1_341' title='bbox 1346 3020 1447 3077; x_wconf 90' lang='lat' dir='ltr'><strong>unitate</strong></span> <span class='ocrx_word' id='word_1_342' title='bbox 1458 3023 1601 3079; x_wconf 88' lang='lat' dir='ltr'><strong>recesserit</strong></span> <span class='ocrx_word' id='word_1_343' title='bbox 1611 3065 1619 3091; x_wconf 90' lang='lat'><strong>,</strong></span> <span class='ocrx_word' id='word_1_344' title='bbox 1631 3031 1660 3081; x_wconf 90' lang='lat' dir='ltr'><strong>ut</strong></span> <span class='ocrx_word' id='word_1_345' title='bbox 1670 3032 1712 3083; x_wconf 90' lang='lat' dir='ltr'><strong>est</strong></span> <span class='ocrx_word' id='word_1_346' title='bbox 1725 3028 1753 3084; x_wconf 95' lang='lat' dir='ltr'><strong>in</strong></span> <span class='ocrx_word' id='word_1_347' title='bbox 1798 3062 1801 3068; x_wconf 34' lang='grc' dir='ltr'>ι</span> 
     </span>
     <span class='ocr_line' id='line_1_54' title="bbox 960 3102 1753 3187; baseline 0.021 -29"><span class='ocrx_word' id='word_1_348' title='bbox 960 3102 1143 3173; x_wconf 89' lang='lat' dir='ltr'><strong>superioribus</strong></span> <span class='ocrx_word' id='word_1_349' title='bbox 1166 3104 1404 3179; x_wconf 83' lang='lat' dir='ltr'><strong>descriptionibus,</strong></span> <span class='ocrx_word' id='word_1_350' title='bbox 1422 3112 1445 3168; x_wconf 89' lang='lat' dir='ltr'><strong>si</strong></span> <span class='ocrx_word' id='word_1_351' title='bbox 1465 3120 1519 3168; x_wconf 90' lang='lat' dir='ltr'><strong>tres</strong></span> <span class='ocrx_word' id='word_1_352' title='bbox 1534 3123 1546 3151; x_wconf 72' lang='lat' dir='ltr'><strong>r</strong></span> <span class='ocrx_word' id='word_1_353' title='bbox 1561 3115 1753 3187; x_wconf 87' lang='lat' dir='ltr'><strong>sesquialteros</strong></span> 
     </span>
     <span class='ocr_line' id='line_1_55' title="bbox 960 3190 1753 3277; baseline 0.023 -30"><span class='ocrx_word' id='word_1_354' title='bbox 960 3190 1075 3249; x_wconf 85' lang='lat' dir='ltr'><strong>iertasse</strong></span> <span class='ocrx_word' id='word_1_355' title='bbox 1100 3195 1253 3264; x_wconf 76' lang='lat' dir='ltr'><strong>quesierit,</strong></span> <span class='ocrx_word' id='word_1_356' title='bbox 1278 3213 1331 3254; x_wconf 90' lang='lat' dir='ltr'><strong>nun</strong></span> <span class='ocrx_word' id='word_1_357' title='bbox 1354 3215 1370 3255; x_wconf 90' lang='lat' dir='ltr'><strong>a</strong></span> <span class='ocrx_word' id='word_1_358' title='bbox 1395 3204 1566 3273; x_wconf 87' lang='lat' dir='ltr'><strong>quaternario</strong></span> <span class='ocrx_word' id='word_1_359' title='bbox 1588 3207 1753 3277; x_wconf 71' lang='lat' dir='ltr'><strong>ingrediatur</strong></span> 
     </span>
    </p>
   </div>
   <div class='ocr_carea' id='block_1_29' title="bbox 337 3265 1816 3370">
    <p class='ocr_par' dir='ltr' id='par_1_30' title="bbox 337 3265 1816 3370">
     <span class='ocr_line' id='line_1_56' title="bbox 337 3265 1816 3370; baseline 0.028 -51"><span class='ocrx_word' id='word_1_360' title='bbox 337 3273 353 3320; x_wconf 80' lang='lat' dir='ltr'><strong>e</strong></span> <span class='ocrx_word' id='word_1_361' title='bbox 451 3270 467 3319; x_wconf 84' lang='grc'><strong>6</strong></span> <span class='ocrx_word' id='word_1_362' title='bbox 512 3266 518 3342; x_wconf 79' lang='grc' dir='ltr'>Ι</span> <span class='ocrx_word' id='word_1_363' title='bbox 557 3269 586 3326; x_wconf 78' lang='lat' dir='ltr'><strong>t²</strong></span> <span class='ocrx_word' id='word_1_364' title='bbox 610 3265 628 3343; x_wconf 76' lang='grc'><strong>’1</strong></span> <span class='ocrx_word' id='word_1_365' title='bbox 666 3269 697 3327; x_wconf 80' lang='lat' dir='ltr'><strong>²l</strong></span> <span class='ocrx_word' id='word_1_366' title='bbox 734 3266 740 3336; x_wconf 82' lang='lat' dir='ltr'><strong>i</strong></span> <span class='ocrx_word' id='word_1_367' title='bbox 777 3274 808 3321; x_wconf 72' lang='lat'><strong>⁴8</strong></span> <span class='ocrx_word' id='word_1_368' title='bbox 845 3267 852 3344; x_wconf 86' lang='grc' dir='ltr'>Ι</span> <span class='ocrx_word' id='word_1_369' title='bbox 919 3283 1206 3370; x_wconf 71' lang='lat' dir='ltr'><strong>&#39;cinsestiqationem</strong></span> <span class='ocrx_word' id='word_1_370' title='bbox 1229 3288 1279 3345; x_wconf 86' lang='lat' dir='ltr'><strong>iiio</strong></span> <span class='ocrx_word' id='word_1_371' title='bbox 1303 3291 1390 3356; x_wconf 91' lang='lat' dir='ltr'><strong>enim,</strong></span> <span class='ocrx_word' id='word_1_372' title='bbox 1411 3293 1535 3363; x_wconf 90' lang='lat' dir='ltr'><strong>quoniam</strong></span> <span class='ocrx_word' id='word_1_373' title='bbox 1557 3297 1690 3354; x_wconf 87' lang='lat' dir='ltr'><strong>secundus</strong></span> <span class='ocrx_word' id='word_1_374' title='bbox 1711 3305 1753 3360; x_wconf 89' lang='lat' dir='ltr'><strong>est</strong></span> <span class='ocrx_word' id='word_1_375' title='bbox 1814 3330 1816 3333; x_wconf 95' lang='lat'>·</span> 
     </span>
    </p>
   </div>
   <div class='ocr_carea' id='block_1_30' title="bbox 33 3359 922 4019">
    <p class='ocr_par' dir='ltr' id='par_1_31' title="bbox 33 3359 922 4019">
     <span class='ocr_line' id='line_1_57' title="bbox 280 3359 810 3438; baseline 0.002 -21"><span class='ocrx_word' id='word_1_376' title='bbox 280 3376 281 3381; x_wconf 42' lang='lat'>¹</span> <span class='ocrx_word' id='word_1_377' title='bbox 401 3359 810 3438; x_wconf 69' lang='lat' dir='ltr'><strong>intraposita</strong></span> 
     </span>
     <span class='ocr_line' id='line_1_58' title="bbox 511 3454 855 3531; baseline 0.003 -1"><span class='ocrx_word' id='word_1_378' title='bbox 511 3454 518 3530; x_wconf 92' lang='lat' dir='ltr'><strong>t</strong></span> <span class='ocrx_word' id='word_1_379' title='bbox 556 3458 586 3508; x_wconf 74' lang='lat'><strong>2⁷</strong></span> <span class='ocrx_word' id='word_1_380' title='bbox 625 3454 631 3531; x_wconf 87' lang='lat' dir='ltr'><strong>r</strong></span> <span class='ocrx_word' id='word_1_381' title='bbox 668 3460 699 3509; x_wconf 79' lang='lat' dir='ltr'><strong>u</strong></span> <span class='ocrx_word' id='word_1_382' title='bbox 734 3454 741 3530; x_wconf 91' lang='lat' dir='ltr'><strong>t</strong></span> <span class='ocrx_word' id='word_1_383' title='bbox 771 3455 855 3531; x_wconf 77' lang='lat' dir='ltr'><strong>¹ut</strong></span> 
     </span>
     <span class='ocr_line' id='line_1_59' title="bbox 624 3546 862 3625; baseline 0.004 -23"><span class='ocrx_word' id='word_1_384' title='bbox 624 3546 629 3622; x_wconf 83' lang='grc' dir='ltr'>Ι</span> <span class='ocrx_word' id='word_1_385' title='bbox 667 3561 694 3607; x_wconf 79' lang='lat' dir='ltr'><strong>st</strong></span> <span class='ocrx_word' id='word_1_386' title='bbox 734 3546 740 3623; x_wconf 91' lang='grc' dir='ltr'>Ι</span> <span class='ocrx_word' id='word_1_387' title='bbox 774 3555 818 3603; x_wconf 72' lang='lat' dir='ltr'><strong>lus</strong></span> <span class='ocrx_word' id='word_1_388' title='bbox 847 3547 862 3625; x_wconf 82' lang='grc' dir='ltr'><strong>ΙΙ</strong></span> 
     </span>
     <span class='ocr_line' id='line_1_60' title="bbox 735 3638 854 3716; baseline 0.017 -20"><span class='ocrx_word' id='word_1_389' title='bbox 735 3638 741 3715; x_wconf 76' lang='lat' dir='ltr'><strong>i</strong></span> <span class='ocrx_word' id='word_1_390' title='bbox 772 3647 819 3698; x_wconf 80' lang='lat' dir='ltr'><strong>ets</strong></span> <span class='ocrx_word' id='word_1_391' title='bbox 849 3639 854 3716; x_wconf 79' lang='grc' dir='ltr'>Ι</span> 
     </span>
     <span class='ocr_line' id='line_1_61' title="bbox 33 3742 922 3817; baseline 0.013 -20"><span class='ocrx_word' id='word_1_392' title='bbox 33 3750 37 3761; x_wconf 91' lang='grc'><strong><em>·</em></strong></span> <span class='ocrx_word' id='word_1_393' title='bbox 119 3742 151 3799; x_wconf 89' lang='lat' dir='ltr'><strong>in</strong></span> <span class='ocrx_word' id='word_1_394' title='bbox 164 3744 304 3814; x_wconf 85' lang='lat' dir='ltr'><strong>superiore</strong></span> <span class='ocrx_word' id='word_1_395' title='bbox 316 3746 395 3817; x_wconf 73' lang='lat' dir='ltr'><strong>igitur</strong></span> <span class='ocrx_word' id='word_1_396' title='bbox 407 3745 587 3817; x_wconf 88' lang='lat' dir='ltr'><strong>descriptione</strong></span> <span class='ocrx_word' id='word_1_397' title='bbox 599 3751 718 3807; x_wconf 85' lang='lat' dir='ltr'><strong>binarios</strong></span> <span class='ocrx_word' id='word_1_398' title='bbox 729 3756 830 3816; x_wconf 75' lang='lat' dir='ltr'><strong>primus</strong></span> <span class='ocrx_word' id='word_1_399' title='bbox 842 3750 922 3811; x_wconf 83' lang='lat' dir='ltr'><strong>mut·&#39;</strong></span> 
     </span>
     <span class='ocr_line' id='line_1_62' title="bbox 118 3831 909 3912; baseline 0.015 -24"><span class='ocrx_word' id='word_1_400' title='bbox 118 3831 218 3903; x_wconf 86' lang='lat' dir='ltr'><strong>tipisr,</strong></span> <span class='ocrx_word' id='word_1_401' title='bbox 233 3849 316 3890; x_wconf 91' lang='lat' dir='ltr'><strong>uuum</strong></span> <span class='ocrx_word' id='word_1_402' title='bbox 334 3835 367 3891; x_wconf 88' lang='lat' dir='ltr'><strong>ad</strong></span> <span class='ocrx_word' id='word_1_403' title='bbox 382 3849 412 3891; x_wconf 91' lang='lat' dir='ltr'><strong>se</strong></span> <span class='ocrx_word' id='word_1_404' title='bbox 425 3837 569 3892; x_wconf 88' lang='lat' dir='ltr'><strong>ternarium</strong></span> <span class='ocrx_word' id='word_1_405' title='bbox 586 3840 680 3906; x_wconf 89' lang='lat' dir='ltr'><strong>babet,</strong></span> <span class='ocrx_word' id='word_1_406' title='bbox 697 3841 742 3912; x_wconf 88' lang='lat' dir='ltr'><strong>qui</strong></span> <span class='ocrx_word' id='word_1_407' title='bbox 762 3844 846 3912; x_wconf 85' lang='lat' dir='ltr'><strong>possit</strong></span> <span class='ocrx_word' id='word_1_408' title='bbox 870 3845 909 3900; x_wconf 87' lang='lat' dir='ltr'><strong>ia·</strong></span> 
     </span>
     <span class='ocr_line' id='line_1_63' title="bbox 118 3931 922 4019; baseline 0.011 -33"><span class='ocrx_word' id='word_1_409' title='bbox 118 3942 182 3986; x_wconf 83' lang='lat' dir='ltr'><strong>sere</strong></span> <span class='ocrx_word' id='word_1_410' title='bbox 192 3931 392 4001; x_wconf 89' lang='lat' dir='ltr'><strong>sesquialteram</strong></span> <span class='ocrx_word' id='word_1_411' title='bbox 405 3934 614 4003; x_wconf 90' lang='lat' dir='ltr'><strong>proportionem.</strong></span> <span class='ocrx_word' id='word_1_412' title='bbox 627 3936 771 3993; x_wconf 85' lang='lat' dir='ltr'><strong>Ternarius</strong></span> <span class='ocrx_word' id='word_1_413' title='bbox 781 3953 845 3994; x_wconf 85' lang='lat' dir='ltr'><strong>sero</strong></span> <span class='ocrx_word' id='word_1_414' title='bbox 855 3954 922 4019; x_wconf 86' lang='lat' dir='ltr'><strong>non</strong></span> 
     </span>
    </p>
   </div>
   <div class='ocr_carea' id='block_1_31' title="bbox 118 4016 909 4185">
    <p class='ocr_par' dir='ltr' id='par_1_32' title="bbox 118 4016 909 4185">
     <span class='ocr_line' id='line_1_64' title="bbox 118 4016 908 4098; baseline 0.013 -22"><span class='ocrx_word' id='word_1_415' title='bbox 118 4016 201 4076; x_wconf 86' lang='lat' dir='ltr'><strong>babet</strong></span> <span class='ocrx_word' id='word_1_416' title='bbox 211 4020 291 4077; x_wconf 91' lang='lat' dir='ltr'><strong>alium</strong></span> <span class='ocrx_word' id='word_1_417' title='bbox 303 4023 347 4092; x_wconf 88' lang='lat' dir='ltr'><strong>qul</strong></span> <span class='ocrx_word' id='word_1_418' title='bbox 359 4023 418 4095; x_wconf 73' lang='lat' dir='ltr'><strong>eius</strong></span> <span class='ocrx_word' id='word_1_419' title='bbox 433 4023 516 4092; x_wconf 89' lang='lat' dir='ltr'><strong>possit</strong></span> <span class='ocrx_word' id='word_1_420' title='bbox 530 4039 590 4081; x_wconf 89' lang='lat' dir='ltr'><strong>esse</strong></span> <span class='ocrx_word' id='word_1_421' title='bbox 600 4029 767 4098; x_wconf 89' lang='lat' dir='ltr'><strong>sesquialter,</strong></span> <span class='ocrx_word' id='word_1_422' title='bbox 784 4032 908 4097; x_wconf 89' lang='lat' dir='ltr'><strong>quoniam</strong></span> 
     </span>
     <span class='ocr_line' id='line_1_65' title="bbox 118 4110 909 4185; baseline 0.014 -19"><span class='ocrx_word' id='word_1_423' title='bbox 118 4110 264 4168; x_wconf 88' lang='lat' dir='ltr'><strong>medietate</strong></span> <span class='ocrx_word' id='word_1_424' title='bbox 280 4112 380 4169; x_wconf 89' lang='lat' dir='ltr'><strong>delicit.</strong></span> <span class='ocrx_word' id='word_1_425' title='bbox 404 4114 507 4170; x_wconf 83' lang='lat' dir='ltr'><strong>Rursus</strong></span> <span class='ocrx_word' id='word_1_426' title='bbox 521 4117 707 4185; x_wconf 86' lang='lat' dir='ltr'><strong>quaternarius</strong></span> <span class='ocrx_word' id='word_1_427' title='bbox 720 4119 854 4176; x_wconf 87' lang='lat' dir='ltr'><strong>secundus</strong></span> <span class='ocrx_word' id='word_1_428' title='bbox 868 4129 909 4177; x_wconf 90' lang='lat' dir='ltr'><strong>est</strong></span> 
     </span>
    </p>
   </div>
   <div class='ocr_carea' id='block_1_32' title="bbox 118 4207 909 4660">
    <p class='ocr_par' dir='ltr' id='par_1_33' title="bbox 118 4207 909 4660">
     <span class='ocr_line' id='line_1_66' title="bbox 118 4207 908 4284; baseline 0.011 -18"><span class='ocrx_word' id='word_1_429' title='bbox 118 4207 231 4279; x_wconf 85' lang='lat' dir='ltr'><strong>dupier,</strong></span> <span class='ocrx_word' id='word_1_430' title='bbox 249 4210 294 4267; x_wconf 91' lang='lat' dir='ltr'><strong>bic</strong></span> <span class='ocrx_word' id='word_1_431' title='bbox 313 4212 381 4268; x_wconf 89' lang='lat' dir='ltr'><strong>duos</strong></span> <span class='ocrx_word' id='word_1_432' title='bbox 401 4213 592 4284; x_wconf 90' lang='lat' dir='ltr'><strong>sesquialteros</strong></span> <span class='ocrx_word' id='word_1_433' title='bbox 615 4219 749 4274; x_wconf 86' lang='lat' dir='ltr'><strong>antecedit</strong></span> <span class='ocrx_word' id='word_1_434' title='bbox 772 4221 908 4277; x_wconf 82' lang='lat' dir='ltr'><strong>senarium</strong></span> 
     </span>
     <span class='ocr_line' id='line_1_67' title="bbox 118 4301 909 4381; baseline 0.016 -26"><span class='ocrx_word' id='word_1_435' title='bbox 118 4307 147 4355; x_wconf 87' lang='lat' dir='ltr'><strong>et</strong></span> <span class='ocrx_word' id='word_1_436' title='bbox 164 4301 353 4360; x_wconf 81' lang='lat' dir='ltr'><strong>novenarium,</strong></span> <span class='ocrx_word' id='word_1_437' title='bbox 368 4302 412 4372; x_wconf 90' lang='lat' dir='ltr'><strong>qui</strong></span> <span class='ocrx_word' id='word_1_438' title='bbox 434 4302 579 4363; x_wconf 85' lang='lat' dir='ltr'><strong>medietate</strong></span> <span class='ocrx_word' id='word_1_439' title='bbox 597 4316 681 4364; x_wconf 86' lang='lat' dir='ltr'><strong>caret.</strong></span> <span class='ocrx_word' id='word_1_440' title='bbox 702 4308 789 4381; x_wconf 81' lang='lat' dir='ltr'><strong>litque</strong></span> <span class='ocrx_word' id='word_1_441' title='bbox 810 4310 909 4368; x_wconf 89' lang='lat' dir='ltr'><strong>idcireo</strong></span> 
     </span>
     <span class='ocr_line' id='line_1_68' title="bbox 118 4389 908 4468; baseline 0.014 -21"><span class='ocrx_word' id='word_1_442' title='bbox 118 4389 209 4464; x_wconf 78' lang='lat' dir='ltr'><strong>nulius</strong></span> <span class='ocrx_word' id='word_1_443' title='bbox 233 4391 258 4446; x_wconf 91' lang='lat' dir='ltr'><strong>ei</strong></span> <span class='ocrx_word' id='word_1_444' title='bbox 280 4391 434 4449; x_wconf 80' lang='lat' dir='ltr'><strong>habitudine</strong></span> <span class='ocrx_word' id='word_1_445' title='bbox 448 4395 623 4464; x_wconf 87' lang='lat' dir='ltr'><strong>sesquialtera</strong></span> <span class='ocrx_word' id='word_1_446' title='bbox 645 4412 824 4468; x_wconf 87' lang='lat' dir='ltr'><strong>comparator,</strong></span> <span class='ocrx_word' id='word_1_447' title='bbox 839 4410 868 4458; x_wconf 93' lang='lat' dir='ltr'><strong>et</strong></span> <span class='ocrx_word' id='word_1_448' title='bbox 880 4402 908 4458; x_wconf 92' lang='lat' dir='ltr'><strong>in</strong></span> 
     </span>
     <span class='ocr_line' id='line_1_69' title="bbox 118 4478 909 4560; baseline 0.013 -24"><span class='ocrx_word' id='word_1_449' title='bbox 118 4480 226 4536; x_wconf 76' lang='lat' dir='ltr'><strong>suteris</strong></span> <span class='ocrx_word' id='word_1_450' title='bbox 239 4478 309 4535; x_wconf 90' lang='lat' dir='ltr'><strong>idem</strong></span> <span class='ocrx_word' id='word_1_451' title='bbox 323 4490 373 4537; x_wconf 90' lang='lat' dir='ltr'><strong>est.</strong></span> <span class='ocrx_word' id='word_1_452' title='bbox 390 4482 474 4553; x_wconf 82' lang='lat' dir='ltr'><strong>Tripli</strong></span> <span class='ocrx_word' id='word_1_453' title='bbox 486 4478 550 4541; x_wconf 80' lang='lat' dir='ltr'><strong>sero</strong></span> <span class='ocrx_word' id='word_1_454' title='bbox 562 4487 656 4544; x_wconf 88' lang='lat' dir='ltr'><strong>eodem</strong></span> <span class='ocrx_word' id='word_1_455' title='bbox 672 4490 752 4545; x_wconf 90' lang='lat' dir='ltr'><strong>modo</strong></span> <span class='ocrx_word' id='word_1_456' title='bbox 761 4491 909 4560; x_wconf 87' lang='lat' dir='ltr'><strong>sesquiter-</strong></span> 
     </span>
     <span class='ocr_line' id='line_1_70' title="bbox 119 4572 892 4660; baseline 0.009 -31"><span class='ocrx_word' id='word_1_457' title='bbox 119 4572 171 4629; x_wconf 90' lang='lat' dir='ltr'><strong>tios</strong></span> <span class='ocrx_word' id='word_1_458' title='bbox 183 4573 291 4637; x_wconf 62' lang='lat' dir='ltr'><strong>creant}</strong></span> <span class='ocrx_word' id='word_1_459' title='bbox 309 4572 344 4628; x_wconf 90' lang='lat' dir='ltr'><strong>sit</strong></span> <span class='ocrx_word' id='word_1_460' title='bbox 358 4575 428 4629; x_wconf 90' lang='lat' dir='ltr'><strong>enirn</strong></span> <span class='ocrx_word' id='word_1_461' title='bbox 443 4576 538 4631; x_wconf 85' lang='lat' dir='ltr'><strong>similis</strong></span> <span class='ocrx_word' id='word_1_462' title='bbox 553 4576 578 4631; x_wconf 90' lang='lat' dir='ltr'><strong>in</strong></span> <span class='ocrx_word' id='word_1_463' title='bbox 594 4578 674 4647; x_wconf 91' lang='lat' dir='ltr'><strong>triplo</strong></span> <span class='ocrx_word' id='word_1_464' title='bbox 688 4579 861 4660; x_wconf 37' lang='lat' dir='ltr'><strong>descriptio..</strong></span> <span class='ocrx_word' id='word_1_465' title='bbox 872 4647 892 4657; x_wconf 41' lang='lat'><strong>·.</strong></span> 
     </span>
    </p>
   </div>
   <div class='ocr_carea' id='block_1_33' title="bbox 459 4686 601 4740">
    <p class='ocr_par' dir='ltr' id='par_1_34' title="bbox 459 4686 601 4740">
     <span class='ocr_line' id='line_1_71' title="bbox 459 4686 601 4740; baseline -0.007 -4"><span class='ocrx_word' id='word_1_466' title='bbox 459 4686 577 4740; x_wconf 82' lang='lat' dir='ltr'><strong>Latitsdo.</strong></span> <span class='ocrx_word' id='word_1_467' title='bbox 599 4730 601 4735; x_wconf 92' lang='lat'><strong>.</strong></span> 
     </span>
    </p>
   </div>
   <div class='ocr_carea' id='block_1_34' title="bbox 140 4783 906 4869">
    <p class='ocr_par' dir='ltr' id='par_1_35' title="bbox 140 4783 906 4869">
     <span class='ocr_line' id='line_1_72' title="bbox 140 4783 906 4869; baseline 0.018 -37"><span class='ocrx_word' id='word_1_468' title='bbox 140 4783 326 4862; x_wconf 68' lang='lat' dir='ltr'><strong>Iniatltisdiuai</strong></span> <span class='ocrx_word' id='word_1_469' title='bbox 353 4798 364 4848; x_wconf 78' lang='lat' dir='ltr'><strong>p</strong></span> <span class='ocrx_word' id='word_1_470' title='bbox 429 4800 444 4848; x_wconf 73' lang='lat'>5</span> <span class='ocrx_word' id='word_1_471' title='bbox 476 4785 634 4869; x_wconf 72' lang='lat' dir='ltr'><strong>m</strong></span> <span class='ocrx_word' id='word_1_472' title='bbox 659 4804 687 4852; x_wconf 75' lang='lat'><strong>81</strong></span> <span class='ocrx_word' id='word_1_473' title='bbox 757 4800 859 4856; x_wconf 70' lang='lat' dir='ltr'><strong>superna</strong></span> <span class='ocrx_word' id='word_1_474' title='bbox 877 4798 906 4846; x_wconf 89' lang='lat' dir='ltr'><strong>ad</strong></span> 
     </span>
    </p>
   </div>
   <div class='ocr_carea' id='block_1_35' title="bbox 122 4848 906 4963">
    <p class='ocr_par' dir='ltr' id='par_1_36' title="bbox 122 4848 906 4963">
     <span class='ocr_line' id='line_1_73' title="bbox 122 4848 906 4963; baseline 0.018 -72"><span class='ocrx_word' id='word_1_475' title='bbox 122 4848 253 4954; x_wconf 39' lang='lat' dir='ltr'><strong>anaqal</strong></span> <span class='ocrx_word' id='word_1_476' title='bbox 275 4856 308 4895; x_wconf 88' lang='lat' dir='ltr'><strong>us</strong></span> <span class='ocrx_word' id='word_1_477' title='bbox 385 4880 386 4883; x_wconf 20' lang='grc' dir='ltr'><strong>κ</strong></span> <span class='ocrx_word' id='word_1_478' title='bbox 676 4906 680 4935; x_wconf 46' lang='grc'>1</span> <span class='ocrx_word' id='word_1_479' title='bbox 716 4857 846 4963; x_wconf 56' lang='lat' dir='ltr'><strong>&gt;prosimos</strong></span> <span class='ocrx_word' id='word_1_480' title='bbox 869 4859 906 4908; x_wconf 91' lang='lat' dir='ltr'><strong>lu·</strong></span> 
     </span>
    </p>
   </div>
   <div class='ocr_carea' id='block_1_36' title="bbox 960 3375 1753 3645">
    <p class='ocr_par' dir='ltr' id='par_1_37' title="bbox 960 3375 1753 3645">
     <span class='ocr_line' id='line_1_74' title="bbox 962 3375 1752 3462; baseline 0.025 -32"><span class='ocrx_word' id='word_1_481' title='bbox 962 3375 1077 3445; x_wconf 90' lang='lat' dir='ltr'><strong>dupius,</strong></span> <span class='ocrx_word' id='word_1_482' title='bbox 1093 3376 1161 3433; x_wconf 92' lang='lat' dir='ltr'><strong>duos</strong></span> <span class='ocrx_word' id='word_1_483' title='bbox 1176 3387 1278 3436; x_wconf 90' lang='lat' dir='ltr'><strong>tantum</strong></span> <span class='ocrx_word' id='word_1_484' title='bbox 1291 3383 1434 3452; x_wconf 67' lang='lat' dir='ltr'><strong>praecedit,</strong></span> <span class='ocrx_word' id='word_1_485' title='bbox 1450 3387 1611 3459; x_wconf 87' lang='lat' dir='ltr'><strong>tertiumque</strong></span> <span class='ocrx_word' id='word_1_486' title='bbox 1622 3391 1647 3449; x_wconf 84' lang='lat' dir='ltr'><strong>ri</strong></span> <span class='ocrx_word' id='word_1_487' title='bbox 1660 3401 1752 3462; x_wconf 86' lang='lat' dir='ltr'><strong>aptare</strong></span> 
     </span>
     <span class='ocr_line' id='line_1_75' title="bbox 960 3469 1753 3545; baseline 0.026 -23"><span class='ocrx_word' id='word_1_488' title='bbox 960 3482 1014 3523; x_wconf 91' lang='lat' dir='ltr'><strong>non</strong></span> <span class='ocrx_word' id='word_1_489' title='bbox 1032 3469 1146 3539; x_wconf 89' lang='lat' dir='ltr'><strong>poterit,</strong></span> <span class='ocrx_word' id='word_1_490' title='bbox 1163 3471 1210 3526; x_wconf 89' lang='lat' dir='ltr'><strong>sed</strong></span> <span class='ocrx_word' id='word_1_491' title='bbox 1233 3480 1262 3527; x_wconf 92' lang='lat' dir='ltr'><strong>ut</strong></span> <span class='ocrx_word' id='word_1_492' title='bbox 1282 3473 1317 3529; x_wconf 90' lang='lat' dir='ltr'><strong>ab</strong></span> <span class='ocrx_word' id='word_1_493' title='bbox 1338 3477 1476 3532; x_wconf 88' lang='lat' dir='ltr'><strong>octonario</strong></span> <span class='ocrx_word' id='word_1_494' title='bbox 1494 3479 1651 3537; x_wconf 75' lang='lat' dir='ltr'><strong>medietates</strong></span> <span class='ocrx_word' id='word_1_495' title='bbox 1667 3492 1753 3545; x_wconf 87' lang='lat' dir='ltr'><strong>tentet</strong></span> 
     </span>
     <span class='ocr_line' id='line_1_76' title="bbox 962 3562 1753 3645; baseline 0.025 -32"><span class='ocrx_word' id='word_1_496' title='bbox 962 3573 1107 3628; x_wconf 86' lang='lat' dir='ltr'><strong>apponere.</strong></span> <span class='ocrx_word' id='word_1_497' title='bbox 1122 3562 1171 3617; x_wconf 89' lang='lat' dir='ltr'><strong>iiic</strong></span> <span class='ocrx_word' id='word_1_498' title='bbox 1185 3563 1256 3618; x_wconf 90' lang='lat' dir='ltr'><strong>euim</strong></span> <span class='ocrx_word' id='word_1_499' title='bbox 1278 3568 1403 3635; x_wconf 86' lang='lat' dir='ltr'><strong>qnoniam</strong></span> <span class='ocrx_word' id='word_1_500' title='bbox 1427 3570 1521 3626; x_wconf 87' lang='lat' dir='ltr'><strong>tertius</strong></span> <span class='ocrx_word' id='word_1_501' title='bbox 1534 3582 1588 3640; x_wconf 83' lang='lat' dir='ltr'><strong>est,</strong></span> <span class='ocrx_word' id='word_1_502' title='bbox 1613 3582 1669 3631; x_wconf 92' lang='lat' dir='ltr'><strong>tres</strong></span> <span class='ocrx_word' id='word_1_503' title='bbox 1687 3590 1753 3645; x_wconf 86' lang='lat' dir='ltr'><strong>quas</strong></span> 
     </span>
    </p>
   </div>
   <div class='ocr_carea' id='block_1_37' title="bbox 960 3652 1845 3741">
    <p class='ocr_par' dir='ltr' id='par_1_38' title="bbox 960 3652 1845 3741">
     <span class='ocr_line' id='line_1_77' title="bbox 960 3652 1845 3741; baseline 0.026 -38"><span class='ocrx_word' id='word_1_504' title='bbox 960 3652 1056 3725; x_wconf 68' lang='lat' dir='ltr'><strong>qaaerit</strong></span> <span class='ocrx_word' id='word_1_505' title='bbox 1068 3652 1256 3722; x_wconf 89' lang='lat' dir='ltr'><strong>sesquialteras</strong></span> <span class='ocrx_word' id='word_1_506' title='bbox 1272 3659 1460 3727; x_wconf 87' lang='lat' dir='ltr'><strong>proportiones</strong></span> <span class='ocrx_word' id='word_1_507' title='bbox 1468 3661 1574 3731; x_wconf 87' lang='lat' dir='ltr'><strong>elliciet,</strong></span> <span class='ocrx_word' id='word_1_508' title='bbox 1587 3676 1614 3720; x_wconf 89' lang='lat' dir='ltr'><strong>et</strong></span> <span class='ocrx_word' id='word_1_509' title='bbox 1630 3666 1656 3720; x_wconf 92' lang='lat' dir='ltr'><strong>in</strong></span> <span class='ocrx_word' id='word_1_510' title='bbox 1671 3676 1752 3741; x_wconf 80' lang='lat' dir='ltr'><strong>crete·</strong></span> <span class='ocrx_word' id='word_1_511' title='bbox 1842 3672 1845 3679; x_wconf 78' lang='grc'>’</span> 
     </span>
    </p>
   </div>
   <div class='ocr_carea' id='block_1_38' title="bbox 959 3741 1769 4005">
    <p class='ocr_par' dir='ltr' id='par_1_39' title="bbox 959 3741 1769 4005">
     <span class='ocr_line' id='line_1_78' title="bbox 959 3741 1769 3825; baseline 0.022 -29"><span class='ocrx_word' id='word_1_512' title='bbox 959 3741 998 3796; x_wconf 85' lang='lat' dir='ltr'><strong>ris</strong></span> <span class='ocrx_word' id='word_1_513' title='bbox 1009 3742 1104 3797; x_wconf 87' lang='lat' dir='ltr'><strong>rodem</strong></span> <span class='ocrx_word' id='word_1_514' title='bbox 1116 3744 1205 3799; x_wconf 89' lang='lat' dir='ltr'><strong>modo.</strong></span> <span class='ocrx_word' id='word_1_515' title='bbox 1221 3745 1270 3801; x_wconf 78' lang='lat' dir='ltr'><strong>Est</strong></span> <span class='ocrx_word' id='word_1_516' title='bbox 1281 3748 1361 3802; x_wconf 88' lang='lat' dir='ltr'><strong>etiam</strong></span> <span class='ocrx_word' id='word_1_517' title='bbox 1373 3751 1425 3805; x_wconf 90' lang='lat' dir='ltr'><strong>aila</strong></span> <span class='ocrx_word' id='word_1_518' title='bbox 1436 3755 1550 3822; x_wconf 73' lang='lat' dir='ltr'><strong>augendi</strong></span> <span class='ocrx_word' id='word_1_519' title='bbox 1565 3759 1752 3825; x_wconf 76' lang='lat' dir='ltr'><strong>proportiones</strong></span> <span class='ocrx_word' id='word_1_520' title='bbox 1766 3754 1769 3759; x_wconf 51' lang='lat'><strong>⁴</strong></span> 
     </span>
     <span class='ocr_line' id='line_1_79' title="bbox 960 3832 1751 3919; baseline 0.023 -33"><span class='ocrx_word' id='word_1_521' title='bbox 960 3832 1001 3886; x_wconf 85' lang='lat' dir='ltr'><strong>ria</strong></span> <span class='ocrx_word' id='word_1_522' title='bbox 1024 3832 1075 3888; x_wconf 89' lang='lat' dir='ltr'><strong>boc</strong></span> <span class='ocrx_word' id='word_1_523' title='bbox 1089 3835 1171 3890; x_wconf 88' lang='lat' dir='ltr'><strong>modo</strong></span> <span class='ocrx_word' id='word_1_524' title='bbox 1196 3855 1203 3890; x_wconf 76' lang='grc' dir='ltr'><strong>ε</strong></span> <span class='ocrx_word' id='word_1_525' title='bbox 1225 3837 1340 3895; x_wconf 81' lang='lat' dir='ltr'><strong>Radices</strong></span> <span class='ocrx_word' id='word_1_526' title='bbox 1359 3845 1559 3912; x_wconf 85' lang='lat' dir='ltr'><strong>proportionum</strong></span> <span class='ocrx_word' id='word_1_527' title='bbox 1579 3844 1705 3919; x_wconf 75' lang='lat' dir='ltr'><strong>dicuntur</strong></span> <span class='ocrx_word' id='word_1_528' title='bbox 1724 3847 1751 3904; x_wconf 91' lang='lat' dir='ltr'><strong>iu</strong></span> 
     </span>
     <span class='ocr_line' id='line_1_80' title="bbox 959 3921 1751 4005; baseline 0.015 -29"><span class='ocrx_word' id='word_1_529' title='bbox 959 3921 1062 3977; x_wconf 85' lang='lat' dir='ltr'><strong>eisdem</strong></span> <span class='ocrx_word' id='word_1_530' title='bbox 1072 3927 1317 3994; x_wconf 80' lang='lat' dir='ltr'><strong>comparationibus</strong></span> <span class='ocrx_word' id='word_1_531' title='bbox 1329 3929 1447 3986; x_wconf 77' lang='lat' dir='ltr'><strong>minimae</strong></span> <span class='ocrx_word' id='word_1_532' title='bbox 1458 3934 1646 4002; x_wconf 87' lang='lat' dir='ltr'><strong>proportionis.</strong></span> <span class='ocrx_word' id='word_1_533' title='bbox 1660 3934 1751 4005; x_wconf 82' lang='lat' dir='ltr'><strong>ilispo-</strong></span> 
     </span>
    </p>
   </div>
   <div class='ocr_carea' id='block_1_39' title="bbox 959 4015 1833 4160">
    <p class='ocr_par' dir='ltr' id='par_1_40' title="bbox 959 4015 1833 4160">
     <span class='ocr_line' id='line_1_81' title="bbox 961 4015 1833 4099; baseline 0.029 -32"><span class='ocrx_word' id='word_1_534' title='bbox 961 4021 1039 4069; x_wconf 90' lang='lat' dir='ltr'><strong>natur</strong></span> <span class='ocrx_word' id='word_1_535' title='bbox 1067 4015 1139 4070; x_wconf 89' lang='lat' dir='ltr'><strong>enim</strong></span> <span class='ocrx_word' id='word_1_536' title='bbox 1168 4033 1298 4076; x_wconf 80' lang='lat' dir='ltr'><strong>numerus</strong></span> <span class='ocrx_word' id='word_1_537' title='bbox 1325 4023 1469 4090; x_wconf 87' lang='lat' dir='ltr'><strong>naturalis,</strong></span> <span class='ocrx_word' id='word_1_538' title='bbox 1496 4025 1599 4081; x_wconf 90' lang='lat' dir='ltr'><strong>unitate</strong></span> <span class='ocrx_word' id='word_1_539' title='bbox 1625 4028 1757 4099; x_wconf 83' lang='lat' dir='ltr'><strong>multipil·‘</strong></span> <span class='ocrx_word' id='word_1_540' title='bbox 1829 4082 1833 4092; x_wconf 88' lang='lat'><strong>.</strong></span> 
     </span>
     <span class='ocr_line' id='line_1_82' title="bbox 959 4114 1045 4160; baseline -0.023 0"><span class='ocrx_word' id='word_1_541' title='bbox 959 4114 1045 4160; x_wconf 88' lang='lat' dir='ltr'><strong>estus.</strong></span> 
     </span>
    </p>
   </div>
   <div class='ocr_carea' id='block_1_40' title="bbox 959 4327 1752 4684">
    <p class='ocr_par' dir='ltr' id='par_1_41' title="bbox 959 4327 1752 4684">
     <span class='ocr_line' id='line_1_83' title="bbox 959 4327 1752 4415; baseline 0.024 -33"><span class='ocrx_word' id='word_1_542' title='bbox 959 4327 1076 4385; x_wconf 68' lang='lat' dir='ltr'><strong>linium</strong></span> <span class='ocrx_word' id='word_1_543' title='bbox 1091 4332 1172 4402; x_wconf 73' lang='lat' dir='ltr'><strong>igitur</strong></span> <span class='ocrx_word' id='word_1_544' title='bbox 1188 4339 1375 4410; x_wconf 84' lang='lat' dir='ltr'><strong>proportiones</strong></span> <span class='ocrx_word' id='word_1_545' title='bbox 1389 4351 1470 4409; x_wconf 91' lang='lat' dir='ltr'><strong>suut,</strong></span> <span class='ocrx_word' id='word_1_546' title='bbox 1485 4351 1513 4398; x_wconf 92' lang='lat' dir='ltr'><strong>ut</strong></span> <span class='ocrx_word' id='word_1_547' title='bbox 1528 4343 1554 4399; x_wconf 90' lang='lat' dir='ltr'><strong>in</strong></span> <span class='ocrx_word' id='word_1_548' title='bbox 1575 4345 1752 4415; x_wconf 88' lang='lat' dir='ltr'><strong>sesquialtera</strong></span> 
     </span>
     <span class='ocr_line' id='line_1_84' title="bbox 960 4418 1751 4506; baseline 0.02 -31"><span class='ocrx_word' id='word_1_549' title='bbox 960 4418 1024 4475; x_wconf 78' lang='lat' dir='ltr'><strong>bad</strong></span> <span class='ocrx_word' id='word_1_550' title='bbox 1037 4420 1071 4487; x_wconf 77' lang='lat'><strong>2,</strong></span> <span class='ocrx_word' id='word_1_551' title='bbox 1086 4422 1112 4479; x_wconf 92' lang='lat' dir='ltr'><strong>in</strong></span> <span class='ocrx_word' id='word_1_552' title='bbox 1126 4429 1297 4497; x_wconf 87' lang='lat' dir='ltr'><strong>sesquitertia</strong></span> <span class='ocrx_word' id='word_1_553' title='bbox 1310 4432 1328 4487; x_wconf 83' lang='lat' dir='ltr'><strong>i</strong></span> <span class='ocrx_word' id='word_1_554' title='bbox 1342 4432 1375 4487; x_wconf 89' lang='lat' dir='ltr'><strong>ad</strong></span> <span class='ocrx_word' id='word_1_555' title='bbox 1391 4433 1426 4499; x_wconf 77' lang='lat'><strong>5,</strong></span> <span class='ocrx_word' id='word_1_556' title='bbox 1443 4434 1669 4506; x_wconf 84' lang='lat' dir='ltr'><strong>in&#39;sesquiquarta</strong></span> <span class='ocrx_word' id='word_1_557' title='bbox 1684 4437 1703 4491; x_wconf 87' lang='lat' dir='ltr'><strong>tt</strong></span> <span class='ocrx_word' id='word_1_558' title='bbox 1716 4436 1751 4491; x_wconf 88' lang='lat' dir='ltr'><strong>ad</strong></span> 
     </span>
     <span class='ocr_line' id='line_1_85' title="bbox 959 4508 1750 4597; baseline 0.024 -34"><span class='ocrx_word' id='word_1_559' title='bbox 959 4508 992 4577; x_wconf 80' lang='lat' dir='ltr'><strong>i,</strong></span> <span class='ocrx_word' id='word_1_560' title='bbox 1003 4519 1031 4565; x_wconf 91' lang='lat' dir='ltr'><strong>et</strong></span> <span class='ocrx_word' id='word_1_561' title='bbox 1040 4512 1166 4586; x_wconf 88' lang='lat' dir='ltr'><strong>deinceps</strong></span> <span class='ocrx_word' id='word_1_562' title='bbox 1176 4519 1202 4571; x_wconf 90' lang='lat' dir='ltr'><strong>in</strong></span> <span class='ocrx_word' id='word_1_563' title='bbox 1214 4521 1363 4586; x_wconf 83' lang='lat' dir='ltr'><strong>sudditum,</strong></span> <span class='ocrx_word' id='word_1_564' title='bbox 1376 4531 1581 4594; x_wconf 72' lang='lat' dir='ltr'><strong>usquecunque</strong></span> <span class='ocrx_word' id='word_1_565' title='bbox 1595 4540 1625 4580; x_wconf 91' lang='lat' dir='ltr'><strong>se</strong></span> <span class='ocrx_word' id='word_1_566' title='bbox 1640 4540 1750 4597; x_wconf 86' lang='lat' dir='ltr'><strong>propor-</strong></span> 
     </span>
     <span class='ocr_line' id='line_1_86' title="bbox 961 4600 1751 4684; baseline 0.023 -29"><span class='ocrx_word' id='word_1_567' title='bbox 961 4600 1048 4659; x_wconf 88' lang='lat' dir='ltr'><strong>tiones</strong></span> <span class='ocrx_word' id='word_1_568' title='bbox 1071 4606 1173 4661; x_wconf 90' lang='lat' dir='ltr'><strong>unitste</strong></span> <span class='ocrx_word' id='word_1_569' title='bbox 1198 4609 1396 4679; x_wconf 79' lang='lat' dir='ltr'><strong>praecesserint.</strong></span> <span class='ocrx_word' id='word_1_570' title='bbox 1421 4611 1588 4680; x_wconf 83' lang='lat' dir='ltr'><strong>Propositum</strong></span> <span class='ocrx_word' id='word_1_571' title='bbox 1612 4614 1693 4684; x_wconf 76' lang='lat' dir='ltr'><strong>igitur</strong></span> <span class='ocrx_word' id='word_1_572' title='bbox 1716 4615 1751 4673; x_wconf 91' lang='lat' dir='ltr'><strong>sil</strong></span> 
     </span>
    </p>
   </div>
   <div class='ocr_carea' id='block_1_41' title="bbox 879 4687 1750 4775">
    <p class='ocr_par' dir='ltr' id='par_1_42' title="bbox 879 4687 1750 4775">
     <span class='ocr_line' id='line_1_87' title="bbox 879 4687 1750 4775; baseline 0.023 -33"><span class='ocrx_word' id='word_1_573' title='bbox 879 4749 886 4757; x_wconf 32' lang='lat'>⁸</span> <span class='ocrx_word' id='word_1_574' title='bbox 922 4687 1028 4753; x_wconf 83' lang='lat' dir='ltr'><strong>Dduas</strong></span> <span class='ocrx_word' id='word_1_575' title='bbox 1047 4694 1234 4762; x_wconf 87' lang='lat' dir='ltr'><strong>sesquialteras</strong></span> <span class='ocrx_word' id='word_1_576' title='bbox 1257 4700 1444 4768; x_wconf 89' lang='lat' dir='ltr'><strong>proportiones</strong></span> <span class='ocrx_word' id='word_1_577' title='bbox 1466 4703 1590 4757; x_wconf 86' lang='lat' dir='ltr'><strong>cautious</strong></span> <span class='ocrx_word' id='word_1_578' title='bbox 1612 4718 1750 4775; x_wconf 84' lang='lat' dir='ltr'><strong>compara·</strong></span> 
     </span>
    </p>
   </div>
   <div class='ocr_carea' id='block_1_42' title="bbox 961 4780 1750 4862">
    <p class='ocr_par' dir='ltr' id='par_1_43' title="bbox 961 4780 1750 4862">
     <span class='ocr_line' id='line_1_88' title="bbox 961 4780 1750 4862; baseline 0.025 -29"><span class='ocrx_word' id='word_1_579' title='bbox 961 4780 1033 4836; x_wconf 89' lang='lat' dir='ltr'><strong>tione</strong></span> <span class='ocrx_word' id='word_1_580' title='bbox 1046 4781 1205 4851; x_wconf 88' lang='lat' dir='ltr'><strong>producere.</strong></span> <span class='ocrx_word' id='word_1_581' title='bbox 1217 4786 1301 4842; x_wconf 89' lang='lat' dir='ltr'><strong>Sumo</strong></span> <span class='ocrx_word' id='word_1_582' title='bbox 1314 4788 1431 4845; x_wconf 87' lang='lat' dir='ltr'><strong>radicem</strong></span> <span class='ocrx_word' id='word_1_583' title='bbox 1446 4792 1659 4862; x_wconf 86' lang='lat' dir='ltr'><strong>sesquialteram,</strong></span> <span class='ocrx_word' id='word_1_584' title='bbox 1673 4810 1750 4852; x_wconf 88' lang='lat' dir='ltr'><strong>eatu-</strong></span> 
     </span>
    </p>
   </div>
   <div class='ocr_carea' id='block_1_43' title="bbox 891 4871 1750 4959">
    <p class='ocr_par' dir='ltr' id='par_1_44' title="bbox 891 4871 1750 4959">
     <span class='ocr_line' id='line_1_89' title="bbox 891 4871 1750 4959; baseline 0.027 -38"><span class='ocrx_word' id='word_1_585' title='bbox 891 4944 906 4957; x_wconf 47' lang='lat'><strong>·</strong></span> <span class='ocrx_word' id='word_1_586' title='bbox 959 4885 1011 4939; x_wconf 89' lang='lat' dir='ltr'><strong>que</strong></span> <span class='ocrx_word' id='word_1_587' title='bbox 1030 4871 1192 4941; x_wconf 65' lang='lat' dir='ltr'><strong>dissonos</strong></span> <span class='ocrx_word' id='word_1_588' title='bbox 1211 4888 1236 4932; x_wconf 94' lang='lat' dir='ltr'><strong>et</strong></span> <span class='ocrx_word' id='word_1_589' title='bbox 1259 4880 1285 4934; x_wconf 83' lang='lat' dir='ltr'><strong>ii.</strong></span> <span class='ocrx_word' id='word_1_590' title='bbox 1301 4879 1446 4951; x_wconf 86' lang='lat' dir='ltr'><strong>iiuitipilco</strong></span> <span class='ocrx_word' id='word_1_591' title='bbox 1461 4882 1541 4954; x_wconf 74' lang='lat' dir='ltr'><strong>igitur</strong></span> <span class='ocrx_word' id='word_1_592' title='bbox 1553 4884 1685 4942; x_wconf 88' lang='lat' dir='ltr'><strong>binarium</strong></span> <span class='ocrx_word' id='word_1_593' title='bbox 1702 4901 1750 4959; x_wconf 89' lang='lat' dir='ltr'><strong>per</strong></span> 
     </span>
    </p>
   </div>
   <div class='ocr_carea' id='block_1_44' title="bbox 958 4958 1750 5137">
    <p class='ocr_par' dir='ltr' id='par_1_45' title="bbox 958 4958 1750 5137">
     <span class='ocr_line' id='line_1_90' title="bbox 959 4958 1750 5056; baseline 0.028 -42"><span class='ocrx_word' id='word_1_594' title='bbox 959 4958 1108 5025; x_wconf 87' lang='lat' dir='ltr'><strong>binarium,</strong></span> <span class='ocrx_word' id='word_1_595' title='bbox 1124 4962 1190 5019; x_wconf 86' lang='lat' dir='ltr'><strong>dunt</strong></span> <span class='ocrx_word' id='word_1_596' title='bbox 1206 4967 1234 5022; x_wconf 83' lang='lat' dir='ltr'><strong>i.</strong></span> <span class='ocrx_word' id='word_1_597' title='bbox 1248 4967 1314 5023; x_wconf 91' lang='lat' dir='ltr'><strong>item</strong></span> <span class='ocrx_word' id='word_1_598' title='bbox 1336 4972 1468 5029; x_wconf 87' lang='lat' dir='ltr'><strong>ternarius</strong></span> <span class='ocrx_word' id='word_1_599' title='bbox 1481 4987 1529 5044; x_wconf 89' lang='lat' dir='ltr'><strong>per</strong></span> <span class='ocrx_word' id='word_1_600' title='bbox 1543 4975 1674 5056; x_wconf 86' lang='lat' dir='ltr'><strong>binarium</strong></span> <span class='ocrx_word' id='word_1_601' title='bbox 1688 4991 1750 5035; x_wconf 88' lang='lat' dir='ltr'><strong>cre·</strong></span> 
     </span>
     <span class='ocr_line' id='line_1_91' title="bbox 958 5054 1750 5137; baseline 0.028 -33"><span class='ocrx_word' id='word_1_602' title='bbox 958 5059 1032 5117; x_wconf 87' lang='lat' dir='ltr'><strong>seat,</strong></span> <span class='ocrx_word' id='word_1_603' title='bbox 1048 5062 1127 5108; x_wconf 90' lang='lat' dir='ltr'><strong>eruut</strong></span> <span class='ocrx_word' id='word_1_604' title='bbox 1144 5054 1170 5111; x_wconf 78' lang='lat' dir='ltr'><strong>d.</strong></span> <span class='ocrx_word' id='word_1_605' title='bbox 1187 5057 1289 5114; x_wconf 88' lang='lat' dir='ltr'><strong>ilursus</strong></span> <span class='ocrx_word' id='word_1_606' title='bbox 1304 5063 1449 5117; x_wconf 88' lang='lat' dir='ltr'><strong>ternarium</strong></span> <span class='ocrx_word' id='word_1_607' title='bbox 1466 5065 1493 5119; x_wconf 91' lang='lat' dir='ltr'><strong>io</strong></span> <span class='ocrx_word' id='word_1_608' title='bbox 1507 5067 1680 5137; x_wconf 89' lang='lat' dir='ltr'><strong>semetipsum</strong></span> <span class='ocrx_word' id='word_1_609' title='bbox 1699 5067 1750 5126; x_wconf 87' lang='lat' dir='ltr'><strong>du-</strong></span> 
     </span>
    </p>
   </div>
   <div class='ocr_carea' id='block_1_45' title="bbox 939 5138 1624 5223">
    <p class='ocr_par' dir='ltr' id='par_1_46' title="bbox 939 5138 1624 5223">
     <span class='ocr_line' id='line_1_92' title="bbox 939 5138 1624 5223; baseline 0.026 -26"><span class='ocrx_word' id='word_1_610' title='bbox 939 5138 1066 5210; x_wconf 75' lang='lat' dir='ltr'><strong>‘cemus,</strong></span> <span class='ocrx_word' id='word_1_611' title='bbox 1083 5145 1149 5203; x_wconf 82' lang='lat' dir='ltr'><strong>durat</strong></span> <span class='ocrx_word' id='word_1_612' title='bbox 1164 5148 1191 5217; x_wconf 86' lang='grc'><strong>9,</strong></span> <span class='ocrx_word' id='word_1_613' title='bbox 1206 5152 1250 5220; x_wconf 89' lang='lat' dir='ltr'><strong>qui</strong></span> <span class='ocrx_word' id='word_1_614' title='bbox 1265 5150 1444 5223; x_wconf 90' lang='lat' dir='ltr'><strong>disponuntur</strong></span> <span class='ocrx_word' id='word_1_615' title='bbox 1457 5157 1509 5213; x_wconf 88' lang='lat' dir='ltr'><strong>boc</strong></span> <span class='ocrx_word' id='word_1_616' title='bbox 1522 5159 1624 5215; x_wconf 88' lang='lat' dir='ltr'><strong>modo:</strong></span> 
     </span>
    </p>
   </div>
   <div class='ocr_carea' id='block_1_46' title="bbox 956 5235 1748 5366">
    <p class='ocr_par' dir='ltr' id='par_1_47' title="bbox 956 5235 1748 5366">
     <span class='ocr_line' id='line_1_93' title="bbox 956 5235 1748 5366; baseline 0.025 -21"><span class='ocrx_word' id='word_1_617' title='bbox 956 5235 1748 5366; x_wconf 49' lang='lat' dir='ltr'><strong>—ssd—-t-</strong></span> 
     </span>
    </p>
   </div>
   <div class='ocr_carea' id='block_1_47' title="bbox 916 5364 1748 5459">
    <p class='ocr_par' dir='ltr' id='par_1_48' title="bbox 916 5364 1748 5459">
     <span class='ocr_line' id='line_1_94' title="bbox 916 5364 1748 5459; baseline 0.029 -39"><span class='ocrx_word' id='word_1_618' title='bbox 916 5374 920 5385; x_wconf 85' lang='lat'><strong>·</strong></span> <span class='ocrx_word' id='word_1_619' title='bbox 956 5364 1109 5424; x_wconf 83' lang='lat' dir='ltr'><strong>invertimus</strong></span> <span class='ocrx_word' id='word_1_620' title='bbox 1124 5373 1204 5442; x_wconf 72' lang='lat' dir='ltr'><strong>igitur</strong></span> <span class='ocrx_word' id='word_1_621' title='bbox 1219 5373 1286 5432; x_wconf 88' lang='lat' dir='ltr'><strong>duas</strong></span> <span class='ocrx_word' id='word_1_622' title='bbox 1306 5380 1458 5449; x_wconf 89' lang='lat' dir='ltr'><strong>propositas</strong></span> <span class='ocrx_word' id='word_1_623' title='bbox 1475 5385 1666 5454; x_wconf 86' lang='lat' dir='ltr'><strong>sesquialteras</strong></span> <span class='ocrx_word' id='word_1_624' title='bbox 1686 5401 1748 5459; x_wconf 91' lang='lat' dir='ltr'><strong>pro·</strong></span> 
     </span>
    </p>
   </div>
   <div class='ocr_carea' id='block_1_48' title="bbox 135 5462 1747 5642">
    <p class='ocr_par' dir='ltr' id='par_1_49' title="bbox 135 5462 1747 5642">
     <span class='ocr_line' id='line_1_95' title="bbox 902 5462 1747 5548; baseline 0.031 -37"><span class='ocrx_word' id='word_1_625' title='bbox 902 5484 904 5487; x_wconf 30' lang='grc' dir='ltr'><strong>ν</strong></span> <span class='ocrx_word' id='word_1_626' title='bbox 955 5464 1092 5530; x_wconf 87' lang='lat' dir='ltr'><strong>portiones</strong></span> <span class='ocrx_word' id='word_1_627' title='bbox 1116 5462 1133 5517; x_wconf 83' lang='lat' dir='ltr'><strong>d</strong></span> <span class='ocrx_word' id='word_1_628' title='bbox 1154 5464 1187 5519; x_wconf 93' lang='lat' dir='ltr'><strong>ad</strong></span> <span class='ocrx_word' id='word_1_629' title='bbox 1207 5465 1245 5534; x_wconf 82' lang='lat' dir='ltr'><strong>i,</strong></span> <span class='ocrx_word' id='word_1_630' title='bbox 1268 5468 1326 5526; x_wconf 75' lang='lat' dir='ltr'><strong>eti</strong></span> <span class='ocrx_word' id='word_1_631' title='bbox 1344 5471 1377 5525; x_wconf 89' lang='lat' dir='ltr'><strong>sd</strong></span> <span class='ocrx_word' id='word_1_632' title='bbox 1397 5473 1424 5529; x_wconf 86' lang='lat' dir='ltr'><strong>b.</strong></span> <span class='ocrx_word' id='word_1_633' title='bbox 1441 5472 1482 5529; x_wconf 85' lang='lat' dir='ltr'><strong>Sit</strong></span> <span class='ocrx_word' id='word_1_634' title='bbox 1494 5488 1566 5532; x_wconf 89' lang='lat' dir='ltr'><strong>nunc</strong></span> <span class='ocrx_word' id='word_1_635' title='bbox 1579 5478 1747 5548; x_wconf 85' lang='lat' dir='ltr'><strong>propositum</strong></span> 
     </span>
     <span class='ocr_line' id='line_1_96' title="bbox 135 5536 1746 5642; baseline 0.022 -49"><span class='ocrx_word' id='word_1_636' title='bbox 135 5536 293 5607; x_wconf 62' lang='lat' dir='ltr'><strong>asaperinre</strong></span> <span class='ocrx_word' id='word_1_637' title='bbox 305 5537 387 5609; x_wconf 70' lang='lat' dir='ltr'><strong>igitur</strong></span> <span class='ocrx_word' id='word_1_638' title='bbox 399 5537 580 5610; x_wconf 84' lang='lat' dir='ltr'><strong>descriptione</strong></span> <span class='ocrx_word' id='word_1_639' title='bbox 593 5544 778 5614; x_wconf 88' lang='lat' dir='ltr'><strong>sesquitertias</strong></span> <span class='ocrx_word' id='word_1_640' title='bbox 792 5562 904 5619; x_wconf 85' lang='lat' dir='ltr'><strong>propor-</strong></span> <span class='ocrx_word' id='word_1_641' title='bbox 958 5558 1013 5609; x_wconf 91' lang='lat' dir='ltr'><strong>tres</strong></span> <span class='ocrx_word' id='word_1_642' title='bbox 1033 5551 1163 5612; x_wconf 80' lang='lat' dir='ltr'><strong>invenire.</strong></span> <span class='ocrx_word' id='word_1_643' title='bbox 1182 5557 1299 5631; x_wconf 87' lang='lat' dir='ltr'><strong>btspono</strong></span> <span class='ocrx_word' id='word_1_644' title='bbox 1318 5563 1426 5620; x_wconf 86' lang='lat' dir='ltr'><strong>eosdem</strong></span> <span class='ocrx_word' id='word_1_645' title='bbox 1445 5580 1572 5625; x_wconf 89' lang='lat' dir='ltr'><strong>numeros</strong></span> <span class='ocrx_word' id='word_1_646' title='bbox 1585 5584 1651 5640; x_wconf 90' lang='lat' dir='ltr'><strong>quus</strong></span> <span class='ocrx_word' id='word_1_647' title='bbox 1663 5584 1746 5642; x_wconf 81' lang='lat' dir='ltr'><strong>supra</strong></span> 
     </span>
    </p>
   </div>
   <div class='ocr_carea' id='block_1_49' title="bbox 115 5629 1746 5828">
    <p class='ocr_par' dir='ltr' id='par_1_50' title="bbox 115 5629 1746 5828">
     <span class='ocr_line' id='line_1_97' title="bbox 115 5629 1746 5729; baseline 0.023 -44"><span class='ocrx_word' id='word_1_648' title='bbox 115 5629 200 5687; x_wconf 89' lang='lat' dir='ltr'><strong>tiones</strong></span> <span class='ocrx_word' id='word_1_649' title='bbox 219 5631 256 5686; x_wconf 87' lang='lat' dir='ltr'><strong>ita</strong></span> <span class='ocrx_word' id='word_1_650' title='bbox 270 5640 345 5687; x_wconf 84' lang='lat' dir='ltr'><strong>name</strong></span> <span class='ocrx_word' id='word_1_651' title='bbox 362 5631 499 5700; x_wconf 87' lang='lat' dir='ltr'><strong>ridemus,</strong></span> <span class='ocrx_word' id='word_1_652' title='bbox 520 5641 550 5688; x_wconf 91' lang='lat' dir='ltr'><strong>ut</strong></span> <span class='ocrx_word' id='word_1_653' title='bbox 566 5634 696 5706; x_wconf 76' lang='lat' dir='ltr'><strong>primusb</strong></span> <span class='ocrx_word' id='word_1_654' title='bbox 712 5638 808 5708; x_wconf 83' lang='lat' dir='ltr'><strong>rrtpter</strong></span> <span class='ocrx_word' id='word_1_655' title='bbox 822 5654 904 5696; x_wconf 88' lang='lat' dir='ltr'><strong>unum</strong></span> <span class='ocrx_word' id='word_1_656' title='bbox 959 5641 987 5699; x_wconf 90' lang='lat' dir='ltr'><strong>iu</strong></span> <span class='ocrx_word' id='word_1_657' title='bbox 1001 5639 1012 5680; x_wconf 74' lang='lat'><strong><em>¹</em></strong></span> <span class='ocrx_word' id='word_1_658' title='bbox 1027 5646 1197 5716; x_wconf 85' lang='lat' dir='ltr'><strong>exquirendis</strong></span> <span class='ocrx_word' id='word_1_659' title='bbox 1217 5650 1320 5710; x_wconf 89' lang='lat' dir='ltr'><strong>duabus</strong></span> <span class='ocrx_word' id='word_1_660' title='bbox 1339 5660 1523 5729; x_wconf 89' lang='lat' dir='ltr'><strong>sesquialteris</strong></span> <span class='ocrx_word' id='word_1_661' title='bbox 1546 5661 1746 5723; x_wconf 86' lang='lat' dir='ltr'><strong>habitudinibus</strong></span> 
     </span>
     <span class='ocr_line' id='line_1_98' title="bbox 115 5720 1742 5828; baseline 0.022 -54"><span class='ocrx_word' id='word_1_662' title='bbox 115 5720 317 5793; x_wconf 65' lang='lat' dir='ltr'><strong>mussitantium</strong></span> <span class='ocrx_word' id='word_1_663' title='bbox 329 5720 487 5790; x_wconf 87' lang='lat' dir='ltr'><strong>antecedat,</strong></span> <span class='ocrx_word' id='word_1_664' title='bbox 499 5723 717 5795; x_wconf 82' lang='lat' dir='ltr'><strong>secundundum,</strong></span> <span class='ocrx_word' id='word_1_665' title='bbox 730 5727 824 5785; x_wconf 87' lang='lat' dir='ltr'><strong>tertius</strong></span> <span class='ocrx_word' id='word_1_666' title='bbox 837 5739 905 5799; x_wconf 87' lang='lat' dir='ltr'><strong>tres,</strong></span> <span class='ocrx_word' id='word_1_667' title='bbox 958 5744 1167 5809; x_wconf 87' lang='lat' dir='ltr'><strong>proposueram,</strong></span> <span class='ocrx_word' id='word_1_668' title='bbox 1191 5741 1316 5816; x_wconf 88' lang='lat' dir='ltr'><strong>ipsasque</strong></span> <span class='ocrx_word' id='word_1_669' title='bbox 1338 5748 1525 5820; x_wconf 87' lang='lat' dir='ltr'><strong>sesquialteras</strong></span> <span class='ocrx_word' id='word_1_670' title='bbox 1545 5756 1742 5828; x_wconf 80' lang='lat' dir='ltr'><strong>proportiones.</strong></span> 
     </span>
    </p>
   </div>
   <div class='ocr_carea' id='block_1_50' title="bbox 75 5846 1759 5988">
    <p class='ocr_par' dir='ltr' id='par_1_51' title="bbox 75 5846 1759 6000">
     <span class='ocr_line' id='line_1_99' title="bbox 75 5846 1759 5988; baseline 0.024 -51"><span class='ocrx_word' id='word_1_671' title='bbox 75 5957 82 5967; x_wconf 29' lang='grc' dir='ltr'>ι</span> <span class='ocrx_word' id='word_1_672' title='bbox 132 5846 346 5941; x_wconf 65' lang='grc' dir='ltr'><strong>4ιυιιιιιιιιιί.</strong></span> <span class='ocrx_word' id='word_1_673' title='bbox 384 5878 564 5940; x_wconf 76' lang='lat' dir='ltr'><strong>linuntur.</strong></span> <span class='ocrx_word' id='word_1_674' title='bbox 603 5882 842 5949; x_wconf 70' lang='lat' dir='ltr'><strong>sllsrsstrrinotious</strong></span> <span class='ocrx_word' id='word_1_675' title='bbox 860 5888 1022 5979; x_wconf 72' lang='lat' dir='ltr'><strong>multiplices.</strong></span> <span class='ocrx_word' id='word_1_676' title='bbox 1064 5896 1251 5987; x_wconf 16' lang='lat' dir='ltr'><strong>[fisso-Q</strong></span> <span class='ocrx_word' id='word_1_677' title='bbox 1263 5905 1456 5988; x_wconf 67' lang='lat' dir='ltr'><strong>sequialtero.</strong></span> <span class='ocrx_word' id='word_1_678' title='bbox 1503 5912 1514 5957; x_wconf 79' lang='lat' dir='ltr'><strong>l</strong></span> <span class='ocrx_word' id='word_1_679' title='bbox 1539 5915 1715 5984; x_wconf 64' lang='lat' dir='ltr'><strong>inosboub.</strong></span> <span class='ocrx_word' id='word_1_680' title='bbox 1747 5931 1759 5959; x_wconf 72' lang='lat'><strong><em>⁵</em></strong></span> 
     </span>
    </p>
   </div>
   <div class='ocr_carea' id='block_1_51' title="bbox 0 0 2104 6245">
    <p class='ocr_par' dir='ltr' id='par_1_52' title="bbox 0 0 2104 6245">
     <span class='ocr_line' id='line_1_100' title="bbox 0 0 2104 6245; baseline 0 0"><span class='ocrx_word' id='word_1_681' title='bbox 0 0 2104 6245; x_wconf 95' lang='lat' dir='ltr'><strong> </strong></span> 
     </span>
    </p>
   </div>
  </div>
 </body>
</html>
