4188 6258
206 471 217 493 .
277 446 330 504 ars
758 392 760 396 ὗ
846 434 985 496 eunoun
1004 424 1158 493 eruscos:
1177 424 1365 493 riomensts
1859 386 1913 499 irs

276 560 316 618 sui
329 571 405 615 mens
416 571 481 631 vaga
492 556 643 614 conuictum
655 554 681 611 :¹
694 552 758 610 dum
769 551 839 624 apud
849 552 981 610 Veronam
993 562 1065 608 tuam
1078 546 1104 612 A
1118 552 1183 609 dum
1207 554 1384 611 tumefaceres
1405 550 1524 624 gurgites
1542 548 1576 608 de
1599 564 1706 620 cruore,
1721 550 1747 608 ln
1768 552 1845 623 parte
1858 554 1913 611 alia

276 663 433 724 apparatum
449 649 537 708 nubeli
556 652 624 707 laxis
645 648 768 705 manibus
783 663 870 720 pugna
886 647 1077 704 instruebatur·
1118 644 1263 701 sistebatur
1273 643 1571 717 impetusuuentorum.
1584 643 1676 716 ltaque
1690 659 1724 702 nc
1736 644 1847 701 ensibus
1858 661 1913 703 nou

280 744 435 814 impendiis.
449 743 521 799 lliltil
539 742 634 799 lortius
646 740 806 798 adversariis
822 741 874 797 tuis
888 750 951 798 unte
961 740 1067 797 aciem:
1119 739 1267 804 sulitccres,
1283 753 1333 810 pro
1347 747 1373 796 te
1386 746 1413 794 et
1438 737 1546 809 lympha
1560 736 1694 794 militavit.
1720 737 1801 795 Salve
1815 738 1914 795 iluvio-

277 834 325 892 sed
339 849 399 890 curu
414 834 478 892 belli
501 834 656 890 cecinerunt
680 833 803 898 classica,
827 832 891 887 nibil
916 831 1069 888 infirmius:
1120 831 1416 903 rumsplendidissimc,
1426 833 1513 902 quiex
1523 831 1626 903 majore
1637 840 1713 902 parto
1725 832 1819 889 sordes
1830 832 1915 891 italie

276 927 391 984 maxima
405 925 431 981 in
446 926 599 983 luctaminis
613 923 790 996 promissione
805 923 901 989 virtus,
916 930 944 978 et
957 922 979 978 si
994 921 1070 978 sulli-
1121 921 1241 992 deluisti,
1253 921 1347 978 mundi
1358 922 1450 978 fascem
1461 922 1610 993 suscipiens
1620 922 1678 979 sine
1688 923 1832 994 dispendio
1843 925 1915 994 puri·

276 1029 350 1076 cerot
373 1020 461 1091 lingua
482 1035 531 1090 pru
545 1018 674 1085 dexteris,
699 1019 775 1088 copia
795 1031 900 1074 summa
916 1015 1070 1072 uerborum.
1122 1014 1195 1071 tatis.
1212 1014 1282 1071 Ecce
1295 1014 1340 1071 ille
1355 1023 1441 1072 tectus
1462 1015 1572 1072 armatis
1585 1030 1695 1086 campus
1709 1017 1805 1073 enituit
1819 1016 1914 1073 buma-

276 1094 387 1167 Electus
400 1118 443 1167 εει
455 1111 577 1166 locorum
593 1110 672 1176 situs,
686 1116 806 1164 nontam
820 1106 977 1177 congressui
987 1104 1070 1172 utilis,
1122 1096 1218 1162 u'orum
1232 1106 1334 1163 ossium
1345 1107 1464 1163 caudore
1477 1106 1660 1164 nobilissimus
1673 1126 1680 1163 :
1693 1108 1833 1176 babemus,
1845 1125 1916 1181 quo·

277 1216 357 1272 quam
373 1200 483 1272 pauori:
498 1199 668 1270 providentes
683 1216 718 1256 ne
733 1199 914 1256 ascriberetur
926 1197 998 1254 casui
1015 1196 1072 1268 pri·
1124 1200 1193 1255 tiens
1207 1200 1305 1256 vetusti
1318 1200 1420 1255 doloris
1436 1215 1562 1271 urgemur
1576 1200 1718 1269 memoria,
1743 1201 1814 1273 quod
1835 1204 1916 1260 tueri.
1947 1244 1949 1247 -

277 1309 322 1351 ms
335 1296 416 1351 etiam
432 1294 566 1354 discessio
576 1294 760 1366 peringarum,
774 1301 904 1350 ettamen
918 1289 1073 1363 reipublice:
1122 1288 1237 1347 scenam
1249 1290 1457 1361 putctrerrimam
1472 1298 1563 1348 servet
1578 1303 1660 1348 terra.
1676 1291 1810 1349 Sublimes
1822 1296 1918 1353 tandiu

275 1388 392 1445 candida
414 1388 522 1445 fortuna
547 1387 719 1460 perurgebat,
745 1402 779 1444 ne
802 1396 891 1458 coepto
913 1385 1071 1443 desisteres.
1124 1389 1232 1437 maneat
1245 1382 1316 1453 quod
1332 1382 1485 1453 passisunt,
1498 1382 1618 1452 quandiu
1631 1384 1721 1441 deleat
1734 1385 1916 1457 oblivioquod

276 1480 384 1537 itineris
398 1481 436 1535 tui
460 1494 617 1551 permensus
639 1479 792 1548 intervalla,
812 1479 976 1548 conspexisti
999 1479 1074 1549 ignes
1124 1469 1257 1528 lecerunt.
1273 1474 1295 1527 0
1310 1474 1410 1530 utinam
1422 1474 1564 1530 voracibus
1576 1475 1700 1546 abripere
1713 1477 1812 1549 aliquid
1825 1479 1918 1536 bestiis

278 1569 395 1627 hostium
411 1580 543 1627 astrorum
559 1586 634 1626 ntore
648 1569 789 1627 rutilantes
808 1588 824 1633 r,
836 1579 866 1626 ut
886 1570 908 1626 si
930 1568 1073 1640 aliquando
1125 1577 1179 1617 non
1194 1562 1304 1619 liceret!
1331 1563 1405 1620 Perit
1418 1564 1589 1623 desiderabili
1604 1571 1769 1639 spectaculo,
1785 1572 1856 1642 quod
1869 1588 1917 1629 ac-

277 1662 326 1719 tibi
343 1664 437 1720 luisset
460 1672 523 1720 nota
541 1662 668 1732 formido,
694 1663 721 1719 in
744 1664 886 1733 abruptum
908 1671 934 1719 ιε
956 1661 1074 1733 pendere
1125 1657 1361 1728 quisiverintiurta
1375 1657 1533 1715 belluarum.

278 1754 431 1812 didicisses.
441 1755 580 1825 Nunquam
589 1755 671 1810 animi
679 1755 718 1810 tui
727 1764 823 1823 status,
836 1762 882 1809 aut
893 1753 1072 1809 secundarum
1131 1752 1134 1758 '
1161 1748 1218 1805 illic
1230 1752 1326 1806 vetlem
1338 1760 1367 1807 ut
1377 1753 1464 1808 :etatis
1475 1754 1626 1823 immernor,
1637 1755 1730 1819 Roma,
1739 1772 1918 1815 commeares.

277 1835 369 1904 rerum
385 1857 491 1902 tumore
506 1846 592 1903 elatus
606 1855 658 1914 est,
671 1857 717 1901 aut
729 1844 818 1901 dubiis
830 1845 973 1917 acquievit.
988 1844 1074 1899 insta·
1127 1834 1156 1896 Si
1170 1841 1277 1927 venires
1291 1841 1459 1912 lapsantibus
1483 1846 1657 1903 tremebunda
1678 1848 1807 1920 vestigiis,
1830 1866 1918 1909 acvurn

277 1938 326 1996 bat
336 1938 457 1995 certandi
473 1939 530 1996 dies
545 1938 637 1994 multis
652 1938 776 1995 tenebras
798 1938 921 1993 allatura.
937 1937 1003 1992 Cum
1020 1935 1075 2006 pri·
1089 1917 1113 1980 Β
1126 1933 1222 2001 gaudia
1236 1944 1444 1992 commutarent.
1455 1936 1523 2003 Quid
1534 1952 1641 2006 semper
1655 1939 1773 1996 delubris
1789 1942 1918 1998 immersa

277 2047 353 2088 snum
367 2045 463 2086 aurora
479 2030 549 2101 bigis
560 2030 587 2086 in
599 2032 701 2086 croceis
714 2040 802 2101 orttqn
815 2022 920 2100 jubaris
930 2028 1073 2094 iudicavit:
1128 2026 1316 2083 conctueertst
1340 2028 1388 2085 llic
1412 2039 1501 2086 :actum
1522 2039 1573 2098 est,
1594 2040 1622 2086 ut
1640 2034 1731 2102 plures
1743 2033 1918 2094 habmseoa-
2017 2080 2025 2091 ,

278 2138 339 2180 cum
356 2122 391 2178 de
405 2123 498 2179 oceani
523 2123 640 2195 lympnis
661 2122 727 2178 solis
741 2123 848 2177 llamms
871 2119 1074 2190 surrexitzjam
1127 2119 1211 2184 soles,
1235 2136 1315 2190 quam
1334 2130 1397 2178 aute
1415 2124 1514 2180 videris
1531 2122 1698 2182 candidatos.
1725 2127 1846 2199 Agnosce
1859 2128 1920 2185 cle*

279 2198 390 2272 raucum
404 2215 525 2273 buccinae
536 2217 726 2282 concinebant,
736 2208 791 2287 jam
803 2224 830 2271 ιε
839 2216 880 2271 sui
891 2215 990 2271 oblitus
1002 2229 1076 2285 quae-
1127 2212 1255 2267 meutiam
1264 2214 1365 2270 domini
1384 2216 1421 2272 tui
1430 2234 1438 2271 ε
1447 2231 1570 2287 saporem
1581 2229 1605 2275 ιε
1619 2219 1920 2278 voluitlrauriretriuut·

279 2308 513 2366 rebatexercitus.
526 2308 647 2375 Quidum
661 2307 836 2364 munimentis
848 2306 970 2378 clmlybis
981 2313 1075 2377 pectus
1128 2304 1253 2375 pirorum,
1266 2321 1346 2373 quam
1361 2307 1440 2365 dubia
1455 2309 1536 2381 elegit
1551 2314 1658 2368 nescire
1667 2316 1856 2372 certaminum.

278 2394 444 2465 includeres,
461 2397 525 2455 dnm
535 2399 623 2455 ocreis
633 2413 780 2466 armarere,
791 2397 855 2454 dum
868 2398 947 2455 lateri
959 2405 1005 2453 tuo
1017 2397 1075 2454 rin·
1162 2396 1232 2454 Ecce
1245 2398 1342 2453 iterum
1357 2399 1390 2454 ad
1408 2400 1572 2459 deditionem
1587 2404 1637 2460 sibi
1652 2406 1786 2478 cognitam
1803 2405 1921 2467 bostium

278 2492 332 2549 dex
348 2490 480 2548 libertatis
493 2489 599 2562 gladius
621 2499 768 2561 aptaretur,
789 2497 910 2546 sanctam
925 2498 1037 2545 matrem
1048 2497 1076 2545 et
1127 2488 1199 2544 lctlao
1212 2490 1301 2547 debita
1320 2506 1383 2561 pars
1402 2496 1541 2551 cucurrit:
1562 2506 1588 2554 et
1600 2513 1661 2554 cum
1676 2502 1859 2559 excessissent
1871 2517 1921 2560 oc·

279 2582 463 2640 venerabilem
486 2597 618 2648 sororem,
644 2596 704 2653 quse
727 2581 760 2636 ad
783 2592 808 2637 te
832 2580 981 2651 diligentis
995 2595 1075 2637 caussa
1127 2584 1283 2641 cumbeutes
1296 2602 1448 2657 numerum,
1468 2589 1501 2644 ud
1517 2591 1659 2648 servitium
1676 2604 1766 2652 tamen
1782 2597 1865 2654 armis
1879 2598 1921 2654 iu-

280 2685 476 2741 convenerant3
496 2673 560 2730 dum
583 2675 655 2730 inter
680 2688 755 2744 spem
781 2681 809 2729 ει
836 2681 938 2729 metum
960 2672 1077 2728 leminea
1127 2685 1228 2735 structa
1244 2678 1412 2736 radiantibus
1426 2682 1532 2751 agmina
1547 2694 1741 2742 convenerunt.
1768 2687 1866 2745 Flexos
1878 2700 1921 2746 est

280 2766 434 2841 sollicitudo
447 2765 589 2838 penderet,
611 2764 676 2822 dum
690 2762 725 2822 de
739 2762 838 2821 euentu
851 2765 971 2821 attonita:
986 2764 1076 2819 vultus
1127 2768 1233 2827 animus
1253 2781 1313 2828 tutus
1333 2788 1433 2843 pronus
1455 2791 1563 2846 semper
1585 2777 1618 2834 ad
1638 2779 1754 2838 veniam:
1777 2781 1921 2841 credidisti

279 2859 318 2916 tui
332 2859 422 2917 sidere
436 2869 620 2931 pascerentur,
637 2857 735 2915 talibus
748 2856 874 2928 alloquiis
887 2856 1073 2914 confirmasti:
1108 2861 1198 2933 quod
1227 2862 1306 2919 iidem
1340 2877 1528 2924 assuescerent
1556 2871 1707 2941 magisteria
1739 2876 1921 2947 nemsitatis,

282 2951 378 3015 «Scis,
404 2951 531 3022 genitrix,
555 2961 647 3022 partus
669 2952 706 3007 tui
729 2951 832 3007 bonore
856 2950 989 3007 universis
1011 2959 1075 3006 nota
1127 2969 1207 3026 quam
1222 2972 1358 3029 nunquam
1373 2959 1551 3017 exhibuerant
1565 2963 1656 3019 studio
1668 2966 1830 3024 conciliante
1845 2968 1921 3038 prin-

279 3043 444 3113 notionibus,
459 3043 531 3114 quod
546 3043 641 3099 natalis
655 3044 707 3099 mei
722 3051 844 3115 tempure
858 3044 945 3100 virum
960 3042 1075 3099 ieeunda
1126 3046 1239 3118 cipibus.
1252 3047 1376 3106 Servavit
1391 3061 1428 3121 te,
1443 3066 1536 3124 regum
1551 3055 1697 3127 praecipue,
1713 3058 1784 3128 quod
1798 3059 1921 3130 abiecisti

278 3137 414 3209 genuisti:
435 3137 494 3192 dies
508 3144 560 3203 est,
586 3151 643 3207 quo
655 3137 703 3192 lilii
720 3138 757 3192 tui
779 3150 878 3193 sexum
891 3150 1003 3207 campus
1023 3151 1074 3191 an·
1126 3144 1286 3199 sacramenti
1301 3144 1465 3202 confidentia
1479 3148 1642 3205 cautionem.
1656 3149 1835 3222 pependimus
1845 3155 1921 3211 suxii

279 3228 402 3285 nuntiet:
415 3229 476 3283 tells
490 3227 622 3298 agendum
636 3236 688 3295 est,
698 3236 728 3282 ut
738 3234 850 3283 avorum
862 3242 910 3297 per
918 3244 963 3284 me
975 3228 1073 3285 decora
1127 3249 1161 3289 ne
1177 3244 1356 3303 mererentur,
1371 3252 1439 3309 quos
1452 3238 1486 3293 de
1501 3239 1622 3297 nostium
1635 3242 1688 3298 tuis
1698 3258 1851 3316 receperas,
1862 3260 1918 3303 non

225 3314 238 3324 ‘
279 3340 333 3380 non
347 3333 479 3393 percant:
500 3324 560 3379 sine
573 3338 655 3380 causa
678 3333 819 3394 parentum
842 3326 926 3380 titulis
951 3327 1073 3395 nitimur,
1088 3299 1112 3364 c
1126 3328 1225 3397 perire.
1250 3327 1356 3388 Gratias
1372 3333 1429 3402 tibi,
1456 3335 1549 3390 mundi
1564 3335 1665 3393 arbiter
1688 3338 1768 3409 Deus,
1793 3342 1837 3411 qui
1852 3354 1921 3397 con-

278 3417 332 3474 nisi
342 3416 458 3488 propriis
471 3415 638 3486 adjuvemur.
652 3417 713 3473 Stat
724 3426 787 3474 ante
799 3420 894 3474 oculus
907 3434 982 3476 meos
996 3420 1072 3491 geni·
1125 3422 1253 3477 scientias
1268 3406 1379 3481 veterno
1394 3441 1487 3482 errore
1500 3442 1638 3497 possessas
1653 3430 1687 3485 ad
1702 3430 1801 3487 ultores
1816 3432 1920 3503 gladios
1992 3474 1998 3484 .

278 3517 334 3577 tor,
349 3507 385 3564 de
397 3524 451 3579 quo
463 3524 600 3581 nunquam
614 3508 677 3566 lecit
689 3510 715 3569 itt
726 3511 875 3567 certamine
884 3510 993 3567 lortuna
1004 3510 1075 3568 ludi·
1126 3514 1264 3585 impulisti.
1283 3517 1399 3575 Puderet
1420 3535 1463 3577 me
1484 3535 1629 3578 recensere
1651 3522 1786 3581 levitatem
1803 3526 1921 3594 origina-

277 3600 367 3659 brium
380 3619 387 3654 ι
402 3600 448 3668 qui
462 3600 571 3656 dextros
585 3600 637 3656 sibi
651 3601 709 3671 ipse
722 3602 828 3673 peperit
842 3602 997 3659 valetudine
1012 3590 1075 3658 cxiss
1125 3608 1202 3675 riam,
1227 3611 1279 3665 nisi
1293 3625 1351 3666 eam
1366 3610 1487 3669 viderem
1502 3615 1554 3670 tuis
1574 3615 1698 3674 laudibus
1714 3619 1919 3690 obsequentem.

278 3704 360 3767 gente
375 3707 534 3750 successus:
549 3693 601 3751 boc
613 3703 720 3765 oportet
732 3696 800 3753 duce
810 3697 946 3764 contendi,
958 3699 1004 3769 qui
1014 3713 1072 3755 om·
1124 3701 1194 3770 Quid
1214 3701 1355 3760 dissimulo
1375 3715 1449 3777 gesta
1473 3709 1619 3779 persequi?
1640 3709 1731 3766 Libuit
1752 3716 1799 3767 'eos
1821 3727 1918 3770 rursus

279 3785 324 3841 nia
337 3785 439 3842 inserta
449 3799 502 3841 non
509 3785 608 3854 timuit,
618 3787 664 3843 sed
674 3787 732 3857 ipse
739 3788 790 3844 sibi
802 3789 918 3846 secunda
928 3791 1070 3847 conscivit.
1123 3793 1244 3850 tendenti
1259 3794 1390 3853 inermem
1413 3798 1551 3856 dexteram
1567 3802 1578 3831 2
1594 3798 1725 3857 odovacri
1741 3816 1821 3873 regnu
1837 3804 1921 3875 polli-

280 3875 336 3932 lios
350 3885 438 3932 tamen
459 3876 609 3933 elabomtas
633 3886 733 3946 restes,
754 3888 782 3935 ει
801 3879 925 3937 liciorum
939 3891 1072 3940 tormenta
1124 3886 1190 3942 ceri.
1207 3886 1325 3943 innotuit
1339 3888 1411 3945 illico
1427 3891 1509 3947 rebus
1527 3891 1553 3946 in
1570 3891 1630 3947 luce
1642 3891 1819 3963 deprebensis
1833 3894 1920 3952 bosti-

278 3965 421 4024 devehite:
436 3967 576 4025 cultiorem
592 3983 636 4025 rue
648 3970 719 4026 acies
740 3973 878 4044 suscipiat,
901 3989 980 4045 quam
1003 3977 1071 4032 iesta
1123 3976 1439 4042 ilumerroranimorum.
1449 3982 1589 4039 Advocasti
1601 3985 1913 4056 providentismactuum

277 4068 460 4115 consuerunt:
472 4060 518 4130 qui
532 4076 575 4116 me
589 4060 623 4117 de
635 4061 737 4134 impetu
749 4079 803 4120 non
819 4065 985 4136 cognoverit,
1000 4067 1072 4123 aesti·
1125 4081 1232 4129 tuorum
1248 4074 1374 4131 comitem
1388 4094 1395 4128 z
1407 4085 1434 4132 et
1444 4093 1479 4133 ne
1488 4078 1616 4149 impunita
1632 4090 1703 4136 esset
1718 4079 1801 4136 libido
1815 4080 1920 4139 discur-

278 4159 335 4211 met
348 4150 383 4208 de
398 4154 496 4209 nitore·
511 4154 609 4211 turini
621 4156 781 4226 cupidorum
791 4159 883 4214 ocutos
894 4157 982 4216 honor
994 4159 1072 4216 iudu-
1123 4168 1252 4234 rentium,
1269 4168 1377 4225 ultionis
1391 4169 1488 4226 sortita
1503 4173 1671 4242 concussus,
1688 4171 1775 4228 iecisti
1788 4172 1920 4230 consitio·

275 4246 361 4303 menti
373 4262 380 4302 :
394 4247 537 4317 pretiosior
550 4249 655 4321 species
669 4250 804 4309 leniendos
818 4251 944 4310 exhibeat
957 4272 963 4308 :
974 4254 1073 4311 babeat
1123 4278 1182 4318 rum
1197 4262 1356 4335 participem
1371 4263 1398 4319 iu
1418 4264 1531 4320 secretis
1546 4266 1672 4336 populum
1686 4266 1743 4334 jam
1764 4266 1917 4337 probatum.

277 4340 379 4397 laboris
392 4341 530 4410 solatium,
547 4342 591 4400 cui
603 4343 725 4416 iugulum
741 4360 830 4402 meum
845 4345 952 4405 lortuna
968 4348 1071 4421 praesti·
1122 4355 1264 4413 Neminem
1278 4355 1463 4413 adversarium
1481 4360 1623 4428 agnovisse
1640 4359 1764 4430 contigit,
1784 4359 1856 4430 quod
1873 4367 1919 4416 te-

277 4432 345 4490 terit
357 4449 365 4487 ε
377 4433 479 4489 inhient
491 4433 591 4505 jacenti
604 4435 753 4507 splendori,
778 4454 846 4509 quos
860 4455 914 4496 non
927 4442 1071 4515 contigerit
1122 4462 1183 4503 cum
1197 4462 1261 4519 pars
1273 4447 1367 4506 mundi
1381 4450 1469 4520 potior
1486 4450 1655 4520 disponebat.
1672 4451 1797 4507 llandsta
1810 4462 1851 4507 est
1867 4465 1919 4522 pet·

276 4524 368 4581 videre
378 4535 551 4597 pugnantem.
567 4544 578 4579 r
595 4527 643 4585 liis
655 4530 744 4599 dictis,
758 4534 866 4604 excepit
875 4541 902 4589 te
913 4542 988 4606 tergo
998 4535 1071 4592 soni·
1123 4540 1248 4611 regiones
1261 4540 1486 4612 disjunctissimas
1499 4556 1550 4597 nex
1561 4541 1659 4598 votiva.
1672 4542 1738 4611 Quis
1749 4542 1807 4599 baee
1819 4550 1919 4614 praeter

277 4631 337 4686 pes,
353 4615 477 4675 lituorum
492 4618 634 4676 desideriis
653 4621 798 4692 inquietus.
816 4623 954 4681 Seddum
978 4627 1068 4685 indul·
1123 4646 1267 4703 supernam
1282 4632 1449 4689 voluntatem
1464 4633 1598 4704 prestitit,
1611 4636 1728 4691 etunius
1742 4634 1796 4691 ictu
1811 4644 1917 4705 tempo·

276 4709 335 4766 sisti
348 4709 484 4779 abatibus,
500 4710 610 4768 inimica
623 4713 744 4784 legiones
758 4721 812 4772 tuse
825 4718 1017 4789 premebantur
1029 4721 1071 4778 in·
1123 4729 1160 4785 ris
1171 4726 1354 4784 effunderetur
1364 4722 1478 4785 Romani
1493 4729 1609 4786 nominis
1621 4731 1712 4786 clades
1726 4731 1804 4802 longa
1816 4742 1918 4803 tempo·

275 4801 385 4855 euntia.
402 4802 504 4859 Dedisti
517 4804 648 4863 inertibus
661 4804 796 4877 bducia'm,
819 4810 883 4867 dum
897 4814 1029 4886 moraris:
1044 4823 1072 4872 ει
1123 4838 1182 4878 rum
1194 4822 1365 4895 improbitate
1374 4823 1504 4881 collecta?
1519 4823 1568 4879 llic
1578 4840 1631 4895 quo
1642 4840 1686 4883 ute
1698 4834 1800 4882 vertam
1811 4826 1915 4882 nescio.

276 4891 329 4946 boc
342 4890 424 4947 credo
440 4884 763 4968 provisio'necoelicolum,
776 4916 809 4958 ne
822 4902 967 4962 deberetur
979 4909 1072 4967 multi·
1123 4914 1241 4973 Gradum
1257 4916 1437 4989 reseramqui
1454 4917 1560 4988 suscepi
1572 4918 1689 4975 sidciuln
1704 4918 1864 4984 laudaturis:
1879 4935 1918 4976 an

276 4981 374 5048 tudini,
390 4983 462 5054 quod
475 4984 573 5043 vicisti.
587 4989 714 5049 Protinus
727 4984 870 5051 adveutum
882 5006 955 5052 tuutu
968 4984 1079 5057 iuuica'
1122 5017 1259 5079 arreptum
1274 5010 1470 5080 preconiorum
1486 5020 1592 5067 tuorum
1606 5010 1658 5067 iter
1669 5010 1823 5081 ingrediare
1843 5009 1917 5066 Con·

276 5077 316 5133 vit
328 5076 451 5134 hostibus
474 5082 588 5150 populus
606 5088 755 5146 occisorum
778 5107 787 5146 ε
806 5102 993 5149 exsecutorem
1008 5110 1071 5166 pro-
1122 5112 1228 5174 sumpta
1243 5117 1286 5159 res
1301 5111 1342 5159 est
1354 5117 1484 5174 prospero
1498 5101 1627 5174 letalique
1639 5101 1730 5159 bello:
1753 5104 1858 5159 succisa
1872 5111 1917 5158 est

275 5169 344 5226 didit
358 5168 440 5225 caedis
453 5173 610 5232 enormitas.
626 5177 680 5234 Sed
695 5194 745 5236 nec
759 5180 812 5237 illis
825 5184 946 5240 remedia
959 5182 1079 5246 deluere
1120 5194 1267 5252 Odovacris
1291 5196 1476 5267 presumptio,
1500 5203 1641 5266 postquam
1665 5206 1726 5252 eum
1749 5195 1863 5266 cuttl3ssii
1879 5193 1916 5251 de

276 5270 414 5320 εεεεεειε.
428 5260 710 5340 Gontinnoalasquas
727 5273 820 5330 tribuit
842 5273 969 5344 formido,
992 5294 1068 5335 sum·
1121 5286 1225 5342 fallacia
1251 5302 1304 5343 non
1325 5287 1424 5359 juvari.
1448 5288 1516 5358 Quid
1541 5288 1700 5346 lierulorum
1722 5290 1829 5360 agruina
1853 5288 1914 5345 lusa

276 5366 386 5429 pserunt
404 5373 412 5412 :
431 5370 511 5413 cursu
525 5359 635 5429 praepeti
660 5360 906 5424 interitum-mortis
928 5369 1067 5441 eligentes.
1120 5380 1348 5437 commemorem?
1359 5380 1410 5447 Qui
1421 5381 1481 5438 ideo
1491 5381 1621 5439 adversus
1635 5392 1661 5439 te
1675 5382 1782 5440 deducti
1796 5392 1869 5449 sunt,
1884 5390 1915 5437 ut

275 5454 325 5519 Qui
339 5468 383 5510 me
396 5450 502 5509 veritati
519 5454 605 5509 nescit
620 5453 790 5528 obsecutum,
805 5461 914 5525 Athesis
928 5465 1015 5522 undas
1029 5466 1080 5539 vis
1121 5469 1165 5526 ltic
1177 5481 1365 5542 agnoscerent,
1383 5473 1464 5531 etiarn
1476 5474 1504 5530 iu
1527 5476 1642 5545 propriis
1661 5474 1769 5531 sedibus
1780 5489 1859 5547 quem
1876 5474 1914 5530 ti·

275 5545 338 5602 deut
357 5555 400 5602 tua
423 5546 481 5604 vice
502 5543 644 5617 opulentes
664 5549 800 5608 exstitisse
820 5555 995 5616 cadaveribus
1013 5577 1021 5614 :
1038 5568 1068 5617 ct
1120 5572 1227 5620 merent
1239 5581 1245 5616 ε
1258 5565 1313 5635 egit
1327 5579 1422 5621 causas
1433 5565 1520 5638 rouge
1531 5566 1628 5637 quietis
1643 5578 1696 5624 tua:
1709 5565 1783 5623 luror
1795 5566 1912 5622 alienus.

311 5692 405 5748 ‘bum
418 5697 487 5767 opud
500 5696 646 5772 Vennum]
661 5698 759 5757 Eodem
771 5720 849 5774 onus,
863 5709 1065 5838 inguitcassio-
1154 5722 1165 5753 ¹
1187 5720 1314 5776 Odouocra'
1335 5737 1414 5791 regno
1435 5724 1568 5798 polliceri]
1590 5725 1659 5782 'lusa
1678 5726 1845 5799 (luceatque
1865 5745 1915 5786 :tu-

275 5763 368 5829 dorus,
379 5768 485 5833 repetito
498 5772 618 5839 conflicta
627 5772 738 5828 uincitur
749 5773 889 5835 Odouoocr.

277 5835 359 5901 Quem
375 5834 418 5887 iiie
433 5833 582 5894 Odoacrem
600 5840 789 5912 Theodericus,
799 5849 842 5930 'ad
860 5866 964 5924 compos
986 5855 1063 5913 Vero-
1119 5863 1216 5919 iterum
1229 5861 1344 5919 deiecit:
1366 5863 1437 5919 uude
1450 5874 1541 5921 secuta
1563 5878 1605 5924 cst
1626 5868 1733 5924 obsidio
1746 5868 1910 5939 Ticinensis,

275 5918 365 5960 nestros
375 5918 508 5960 occurrens
524 5922 616 5978 ntomm
624 5920 710 5983 strage
724 5915 824 5972 delent.
1119 5933 1395 6000 quossttteodertcus
1405 5938 1911 6015 receperatrutestinlitagsspipbattii.

914 5786 1064 5844 ornandes:
1119 5799 1193 5847 ctorc
1205 5810 1211 5844 :
1224 5792 1268 5863 qui
1284 5807 1343 5847 cum
1357 5793 1480 5849 dedititio
1493 5797 1613 5854 exercitu
1628 5798 1660 5853 ad
1676 5799 1806 5854 Otioscris
1821 5811 1913 5868 partes

333 6118 358 6167 ³
