4278 6266
215 403 268 461 'tes
669 397 713 455 DE
732 395 994 456 CONSOLATIONE
1012 395 1249 497 iutuostlettlrb
1267 401 1333 460 utu.
1353 401 1398 460 tv.
1805 402 1858 458 'ibi

215 532 281 574 neno
305 515 429 573 naturale
456 514 523 572 iliud
543 513 662 572 alliciunt
685 513 797 571 minime
820 513 1010 571 administrare
1024 516 1051 579 Α
1066 516 1140 588 pellit
1158 518 1281 574 intentio.
1306 519 1338 574 Et
1352 516 1435 591 qnid?
1457 518 1479 575 si
1493 519 1544 574 boc
1560 526 1613 574 tant
1628 530 1725 591 niagno
1744 530 1775 573 ac
1790 532 1859 590 pene

215 619 307 687 queat,
324 611 379 667 alio
393 626 460 667 uero
477 610 569 679 modo,
592 624 673 681 puato
685 618 789 667 naturae
803 610 941 675 conuenit,
957 624 1012 667 nou
1068 611 1168 668 inuicto
1180 612 1327 683 praeuntis
1343 621 1446 668 naturas
1459 611 1650 669 desererentur
1662 611 1779 669 auxiliol
1788 609 1859 669 Con·

214 706 325 779 nnidetn
341 702 452 776 irnpleat
471 702 637 776 propositum
652 718 742 772 suurn,
757 704 817 777 (20)
831 704 878 761 sed
894 704 1013 760 innitetur
1064 704 1155 762 sidera
1166 720 1231 762 reto
1244 713 1343 775 quanta
1359 706 1508 764 sceleratos
1523 705 1648 762 bontines
1659 705 1759 764 babeat
1773 705 1860 777 inrpo·

214 798 390 872 itupientent3
402 808 545 867 quentnanu
559 795 656 852 borum
674 795 877 852 ·rateutioren
892 808 953 851 esse
966 794 1013 851 de·
1065 799 1160 855 tentia.
1182 799 1277 871 Neque
1298 797 1371 855 enirn
1386 799 1464 866 lesia,
1490 807 1536 855 aut
1556 798 1659 856 ludicra
1672 798 1730 872 (tit)
1746 798 1858 869 praemia

214 890 416 953 cerntstititai
429 890 564 963 conjectu,
580 891 700 963 innuant,
716 892 779 964 quid
790 891 869 959 reiis,
883 873 1013 963 t'ptuntus
1065 901 1171 966 petunt,
1187 908 1247 965 quse
1267 894 1394 963 consentu
1419 902 1501 964 atoue
1513 893 1638 950 obtinere
1657 908 1712 948 non
1727 902 1859 964 possunt:

216 995 306 1043 umen
327 984 423 1042 audire
436 982 571 1042 desidero.
593 984 766 1052 Ambulandi,
791 984 888 1056 inqttit,
909 993 1012 1042 metunt
1064 985 1112 1043 sed
1130 987 1201 1041 circa
1224 987 1309 1057 ipsam
1329 1001 1418 1043 return
1434 1000 1579 1052 summanr,
1594 986 1776 1058 verticemque
1794 983 1861 1043 deil-

217 1068 366 1136 secundum
387 1083 511 1134 naturam
531 1090 593 1134 esse
613 1075 780 1146 bominibus,
801 1092 866 1134 uum
881 1077 1013 1149 negabis?
1064 1079 1151 1143 ciunt,
1164 1094 1215 1137 nec
1228 1080 1255 1135 in
1270 1095 1303 1136 eo
1318 1079 1425 1137 rniseris
1444 1081 1576 1152 contingit
1588 1079 1711 1147 effectus,
1726 1078 1798 1149 quod
1816 1091 1862 1134 sn·
1953 1076 1958 1097 ¹

175 1154 178 1163 ’
214 1172 336 1237 litoius.
354 1170 476 1244 ioouaup.
492 1169 613 1243 Eiusque
633 1171 675 1226 rei
698 1169 797 1240 pedum
814 1169 936 1229 cilicium
951 1185 1013 1228 esee
1065 1172 1121 1229 inm
1142 1172 1212 1241 dies,
1225 1182 1374 1245 noctesque
1388 1173 1595 1232 moliunturain
1610 1188 1662 1246 qua
1677 1188 1708 1231 ne
1729 1173 1861 1230 bonerum

214 1264 339 1323 arrunte
353 1279 417 1323 uum
431 1262 560 1321 dubitas?
574 1262 615 1320 Ne
634 1262 687 1321 ltoe
708 1262 827 1333 cuidem,
843 1264 965 1336 inquam.
985 1263 1014 1320 Si
1066 1265 1139 1322 uires
1151 1266 1281 1323 eminent.
1293 1266 1369 1324 Sicut
1378 1267 1450 1324 eninr
1462 1283 1524 1324 euro
1537 1268 1583 1341 qni
1594 1267 1709 1340 pedibus
1721 1267 1861 1335 incedens,

214 1360 276 1432 ouis
295 1359 377 1432 igitur
402 1356 516 1430 pedibas
534 1356 592 1430 (25)
605 1356 732 1414 incedere
755 1357 849 1414 raleus
881 1357 1012 1425 ambulet,
1065 1358 1100 1415 ad
1118 1374 1180 1416 eunn
1199 1359 1286 1415 locum
1304 1375 1389 1433 usque
1403 1362 1545 1432 peruenire
1567 1364 1710 1434 potuisset,
1725 1377 1780 1432 otto
1794 1361 1861 1419 nibil

215 1452 348 1524 diesque,
359 1450 403 1508 cui
417 1450 470 1507 hoc
482 1450 714 1522 naturaiepeduut
725 1450 796 1507 desit
808 1450 940 1520 ottctnn,
953 1466 1013 1508 nta-
1067 1454 1179 1510 ulterius
1202 1454 1322 1526 pervium
1345 1454 1451 1527 iaceret
1471 1456 1599 1524 incessui,
1621 1455 1680 1531 (Ξο)
1707 1454 1862 1514 ambulandi

92 1565 97 1575 ·
217 1545 296 1607 nibus
316 1544 415 1612 nitens,
437 1544 578 1631 ambulare
597 1553 722 1611 conetur,
744 1545 805 1617 quis
833 1547 930 1603 luorum
952 1546 1015 1618 lure
1066 1548 1282 1619 potentissimum
1293 1562 1354 1605 csse
1372 1563 1500 1606 censeres
1516 1567 1523 1606 :
1538 1550 1574 1605 ita
1583 1565 1658 1616 euru,
1672 1550 1718 1622 qui
1733 1558 1859 1621 expeten·

216 1639 349 1696 valentior
373 1637 524 1695 existimari
542 1638 648 1709 potestl
662 1638 795 1710 Contere,
815 1639 937 1711 innuant,
961 1656 1014 1698 cae-
1066 1642 1162 1699 dorum
1183 1643 1276 1709 lineru,
1291 1657 1345 1716 qua
1360 1643 1428 1699 nihil
1449 1644 1519 1700 ultra
1543 1653 1595 1710 est,
1613 1642 1800 1716 apprehendit,
1815 1658 1863 1715 po-

217 1740 277 1788 tera
290 1744 369 1786 :aare
383 1728 448 1801 osio
458 1729 592 1787 naturalis
604 1728 689 1787 cilicii
703 1739 811 1800 potens,
823 1746 868 1800 eo,
882 1735 928 1803 qui
941 1732 1014 1790 ident
1066 1735 1247 1792 tentissirnnut
1263 1751 1374 1792 neeesse
1394 1744 1437 1794 est
1455 1737 1570 1808 judiees.
1585 1737 1623 1794 liu
1638 1753 1692 1807 ouo
1713 1739 1754 1805 lit,
1766 1747 1780 1786 a
1790 1737 1862 1809 onon

217 1831 343 1894 nequeat,
365 1821 499 1878 valentior
518 1822 563 1891 sit,
583 1821 673 1879 nuilus
690 1818 842 1895 drtntbigit.
858 1825 940 1898 206
959 1824 1014 1882 Sed
1067 1829 1130 1885 ituic
1145 1828 1263 1899 obiacet,
1276 1839 1305 1884 ut
1317 1828 1398 1886 iidetu
1418 1829 1538 1898 scelesti,
1559 1829 1641 1886 iidetn
1656 1829 1758 1886 viribus
1776 1828 1863 1885 otoni·

100 1972 104 1978 ,
217 1916 470 1989 sumtuum‚int1uit,
483 1915 594 1985 bonum,
612 1917 684 1989 quoti
699 1932 777 1988 aeque
791 1918 871 1975 ntaiis
882 1917 1015 1992 bonisque
1029 1918 1054 1981 B
1067 1920 1118 1976 bus
1132 1920 1274 1977 rideantur
1296 1934 1358 1976 esse
1380 1921 1492 1978 deserti.
1508 1922 1587 1995 207
1610 1919 1666 1977 Cur
1684 1922 1756 1977 enitn
1771 1921 1862 1978 relicta

217 2012 399 2085 propositum,
417 2009 482 2068 boni
506 2010 614 2083 quidem
637 2011 754 2068 naturali
778 2010 868 2068 olbeio
884 2012 1013 2070 rirtutunn
1066 2014 1167 2071 rirtute
1191 2012 1253 2069 sitin
1279 2012 1454 2070 sectantuni¹
1475 2012 1622 2069 inscitiane
1640 2013 1791 2069 bonorunt
1814 2011 1863 2070 sed

216 2115 313 2181 petunt
328 2123 337 2164 a
352 2106 416 2164 muli
436 2121 502 2165 rere
525 2106 628 2164 uariunt
656 2123 703 2179 per
726 2108 913 2180 cupiditatem,
941 2111 1014 2183 quod
1066 2106 1324 2182 quidienerrattus
1341 2105 1502 2177 ignorantiae
1523 2105 1664 2162 caecitate?
1679 2104 1719 2161 bn
1735 2105 1863 2162 sectanda

217 2200 384 2272 adipiscendi
403 2200 469 2257 boni
493 2200 614 2257 naturaie
640 2199 759 2258 oidciutn
780 2217 834 2258 uon
862 2215 914 2269 est,
942 2204 1013 2262 ideut
1066 2202 1487 2262 noveruntlsed⁸trnnsuersos
1499 2215 1547 2258 ens
1559 2199 1643 2256 libido
1655 2199 1814 2269 praecipitat,
1824 2199 1864 2257 sic

217 2293 306 2365 ipsum
317 2300 452 2350 conantur
464 2291 588 2364 adipisci.
601 2291 643 2350 Au
663 2302 692 2349 tu
706 2293 785 2351 aliter
798 2294 952 2353 existimas?
966 2295 1014 2355 tlt-
1066 2311 1174 2368 tpunque
1196 2294 1403 2367 intemperantia
1427 2292 1544 2365 irapiies,
1561 2291 1606 2364 qui
1621 2290 1628 2330 ¹
1644 2291 1776 2349 obluctari
1796 2292 1864 2349 uitio

216 2386 349 2460 aime,(5)
360 2385 562 2459 innormarunt
576 2385 669 2453 etiam,
684 2387 757 2459 quod
771 2400 812 2444 est
831 2402 1011 2462 consequens,
1065 2398 1214 2460 nequeunt.
1227 2387 1239 2421 ⁸
1254 2389 1296 2445 bn
1311 2388 1439 2455 scientes,
1456 2387 1633 2456 nolentesque
1647 2385 1747 2441 bonurn
1760 2385 1801 2459 (t)
1815 2383 1864 2444 de·

216 2487 302 2552 patet.
317 2478 358 2536 Ex
372 2478 415 2534 his
428 2478 575 2551 euinque
585 2491 789 2549 concesseram,
801 2480 887 2538 bouus
902 2482 1012 2554 quidem
1065 2492 1172 2548 serunt,
1187 2479 1299 2538 adsitis
1314 2479 1512 2537 deflectuntur?
1521 2476 1574 2536 Sed
1589 2478 1642 2535 hoc
1658 2479 1739 2535 ruodo
1754 2490 1809 2536 nou
1822 2492 1864 2535 so

216 2581 352 2643 potentes,
373 2570 459 2627 ntalos
482 2584 549 2627 reru
570 2585 633 2629 esse
650 2585 763 2629 necesse
787 2582 830 2629 est
851 2574 1010 2632 imbecilles.
1065 2578 1120 2636 loru
1137 2574 1271 2648 potenteis
1283 2582 1358 2639 esse,
1376 2574 1427 2632 sed
1442 2573 1553 2630 omnino
1568 2587 1630 2629 esse
1643 2572 1782 2628 desinunt.
1798 2571 1865 2628 Natu

216 2664 310 2734 ilecte,
333 2663 431 2734 inspuit,
447 2664 607 2734 praeeurris,
622 2664 713 2736 idone,
727 2664 764 2721 uti
785 2664 881 2721 medici
901 2680 1013 2739 sperare
1066 2672 1113 2744 qui
1140 2683 1313 2727 communen
1339 2667 1553 2737 coniunctium
1576 2673 1650 2733 sunt,
1675 2664 1756 2721 duent
1782 2663 1865 2720 relin-

215 2761 316 2829 soient,
331 2759 460 2817 indicium
481 2767 524 2816 est
536 2769 635 2818 enectae
648 2761 715 2833 jaan.
734 2761 942 2834 resistentisque
963 2777 1013 2818 nu·
1066 2770 1162 2837 spuunt,
1179 2763 1400 2833 pariterquooue
1421 2774 1483 2816 esee
1501 2758 1646 2815 desistunt.
1657 2757 1735 2827 Quod
1755 2755 1865 2829 quiden

215 2861 295 2910 turae.
310 2854 319 2885 ¹
334 2851 388 2910 Setl
402 2854 531 2925 qunuiant
554 2862 581 2909 te
595 2852 629 2909 ad
650 2851 856 2926 intelligendum
870 2855 1015 2927 promptis·
1067 2859 1184 2927 cuipiam
1205 2856 1302 2912 rnirotn
1315 2854 1385 2911 ionte
1398 2853 1531 2917 videatur,
1546 2862 1576 2908 ut
1591 2850 1689 2920 ntaios,
1710 2851 1755 2922 qui
1776 2850 1866 2920 plures

216 2945 316 3003 rictum
335 2960 397 3003 esse
417 2946 568 3014 conspicio,
586 2943 720 3004 ‘crebras
744 2948 910 3004 coaceruabo
932 2949 1015 3004 ratio·
1069 2949 1208 3006 bominum
1227 2957 1302 3014 suot,
1322 2947 1433 3005 eosdem
1457 2960 1511 3002 uon
1530 2958 1592 3001 esse
1609 2943 1731 3000 dicatuus
1743 2961 1750 2998 :
1762 2941 1809 2998 sed
1828 2942 1866 2998 ita

216 3053 278 3096 nes.
298 3037 359 3111 (tt)
376 3037 444 3095 lide
466 3037 539 3094 enirn
565 3048 665 3109 quanta
686 3037 844 3095 vitiosorum
874 3039 1014 3097 botninunu
1067 3058 1131 3100 rese
1152 3057 1197 3101 res
1211 3040 1385 3099 babentiant
1402 3041 1448 3111 qui
1469 3038 1534 3096 ntuli
1554 3044 1628 3105 sunt,
1643 3035 1701 3112 ((0)
1718 3050 1767 3092 ces
1781 3035 1866 3093 natos

216 3137 309 3203 imm
327 3127 482 3196 'ssflimilssr
504 3127 550 3200 qni
564 3143 598 3183 ¹¹⁰
612 3127 646 3184 ’ὖ
667 3127 720 3183 ¹¹⁰⁰
741 3128 850 3199 quidem
871 3129 1015 3200 terrentia
1069 3153 1132 3195 esse
1147 3153 1201 3194 non
1216 3136 1307 3194 abnue
1319 3153 1328 3193 r
1341 3135 1402 3205 sed,
1417 3132 1528 3191 eosdem
1543 3147 1615 3197 esse,
1632 3139 1789 3204 ponentque
1801 3130 1866 3186 sitn-

216 3229 330 3295 ii¹¹⁰¹¹¹¹b
345 3220 380 3279 id
393 3220 467 3293 ibid
481 3235 529 3278 ⁶⁰⁸
543 3219 675 3277 milliasti
695 3218 781 3289 ducit,
805 3235 838 3278 ⁸⁰
858 3236 927 3291 pene
940 3236 1016 3279 0⁰⁰¹·
1031 3237 1054 3301 (ζ
1071 3231 1177 3302 pliciter
1191 3245 1271 3304 nepo.
1286 3229 1352 3287 Nara
1374 3228 1412 3286 uti
1435 3225 1554 3286 cadauer
1570 3225 1707 3282 bominem
1731 3230 1866 3280 mortuun

895 3365 1186 3429 tureuettuustto.

256 3488 270 3517 ⁸
284 3478 469 3535 Potentiorem,
1110 3486 1121 3526 ¹
1136 3485 1305 3559 Frequenter.

253 3548 269 3590 b
284 3549 407 3618 Quamuis
420 3550 570 3624 conjectura
582 3563 714 3619 mmor.
1109 3568 1122 3607 t
1137 3556 1302 3615 Eccnlrurio.

258 3620 397 3678 ‘Clarius
1108 3626 1124 3667 ¹¹
1145 3629 1290 3700 infirmius.

254 3689 400 3748 institor.
1112 3700 1119 3738 ⁵
1140 3702 1277 3760 Retinere.

256 3774 268 3803 ·
284 3763 365 3832 Quin

987 3906 1103 3967 NOTAE.

219 4023 355 4083 abellisin
366 4021 508 4080 discedens
520 4029 568 4077 aut
579 4022 704 4092 quiescat
714 4030 761 4078 aut
773 4020 1012 4079 rnanibustanturo
1069 4024 1193 4080 ultimutn
1214 4024 1308 4088 linern,
1332 4020 1511 4093 conpellente
1529 4027 1620 4076 tanuen
1638 4020 1705 4087 ileo,
1727 4018 1868 4087 accedunt,

219 4099 310 4155 nitens
330 4094 464 4161 ambulet:
487 4092 561 4163 prior
584 4101 693 4165 potens,
717 4094 850 4165 posterior
871 4093 1013 4150 imbecillis
1069 4097 1252 4167 potentiores:
1269 4092 1333 4150 unali
1345 4109 1420 4158 vero,
1436 4091 1599 4161 nupserint,
1611 4091 1678 4148 nibil
1691 4091 1816 4147 obstante
1829 4092 1869 4147 iu·

220 4168 360 4225 habendus
382 4175 434 4223 cst.
453 4164 534 4237 Atqui
548 4179 583 4220 ex
596 4164 668 4220 boun
686 4174 715 4221 et
731 4164 803 4220 ntuio
818 4165 938 4231 benninc,
952 4166 1013 4237 qui·
1068 4167 1119 4223 sita
1141 4166 1334 4236 propensione,
1354 4165 1388 4221 ab
1404 4165 1499 4221 uitituo
1520 4162 1574 4220 line
1592 4163 1749 4220 aberrantes
1764 4179 1798 4219 ue
1812 4162 1869 4218 lutee

218 4240 315 4298 busab
328 4240 501 4309 ipsonaturac
513 4245 626 4293 auctore
638 4235 814 4292 constitutum
830 4239 917 4292 estad
939 4252 1012 4292 sutu-
1068 4239 1177 4309 quidem
1203 4238 1338 4309 attingunt
1359 4237 1439 4304 bona,
1462 4235 1560 4306 quibus
1584 4247 1678 4291 noctes
1697 4236 1811 4306 diesque
1829 4234 1869 4288 in-

219 4327 292 4370 ruunt
306 4310 406 4367 bouum
422 4324 465 4376 ea,
480 4323 560 4378 quarn
571 4306 643 4362 uene
657 4308 763 4378 utrique
776 4311 811 4365 ab
824 4317 885 4363 ortu
898 4309 1014 4377 intpres·
1027 4344 1056 4408 υ
1069 4310 1156 4375 blant,
1175 4308 1338 4364 inlirtniores
1360 4318 1424 4365 sunt
1437 4326 1444 4363 ε
1457 4305 1528 4378 quod
1547 4307 1696 4364 attendenti
1721 4305 1754 4361 ad
1774 4318 1870 4361 causas

219 4384 266 4451 sit,
281 4381 463 4452 propensione
483 4379 609 4443 tendere;
625 4378 712 4433 bonus
733 4378 822 4434 oibcin
841 4394 892 4434 suo
905 4379 1014 4436 iunctus
1069 4379 1225 4452 hujusmodi
1238 4381 1341 4435 erroris
1355 4379 1440 4451 mapis
1455 4393 1487 4435 ac
1508 4380 1595 4447 napis
1614 4378 1717 4447 patebit
1732 4394 1739 4431 a
1752 4391 1813 4432 narn
1826 4375 1868 4431 uel

219 4454 254 4510 ad
267 4468 401 4509 summurn
416 4451 515 4511 bonurn
536 4449 633 4515 tendit,
648 4449 811 4506 maittsrcro
825 4465 840 4504 a
856 4466 906 4505 suo
923 4451 1014 4506 oiilciu
1067 4455 1131 4507 mali
1151 4453 1284 4508 recedunt
1304 4451 1339 4505 ab
1360 4467 1404 4515 eo,
1420 4464 1476 4521 qun
1501 4450 1581 4505 insita
1603 4448 1710 4504 iliorum
1731 4448 1870 4502 inclinatio

220 4525 356 4582 decedens
375 4532 421 4579 aut
435 4522 547 4594 pradum
563 4521 645 4586 sistit,
661 4530 707 4575 nnt
719 4522 802 4576 uariis
822 4521 1014 4591 cupiditatibus
1068 4523 1140 4580 lerne
1161 4523 1280 4587 uidetur,
1308 4522 1489 4590 ignoratione,
1520 4520 1560 4575 vei
1586 4519 1800 4592 perturbatione,
1823 4516 1867 4572 tei

220 4597 348 4668 abreptus
361 4595 395 4651 ad
410 4594 479 4651 bona
491 4593 590 4649 caduca
604 4592 733 4650 deilectit.
753 4592 837 4663 igitur
864 4593 951 4646 bonus
968 4608 1015 4663 po·
1068 4595 1181 4651 scientia
1197 4594 1403 4664 voluntateque.

163 4678 166 4685 ’
222 4679 292 4732 teus,
303 4666 390 4723 tnalus
405 4680 470 4722 uero
480 4663 625 4721 imbecillis
637 4661 779 4729 habeatur,
795 4677 908 4719 necesse
923 4674 977 4719 cst.
1105 4690 1116 4721 ι
1131 4682 1303 4757 fnum-me]
1318 4684 1373 4743 50„
1390 4685 1452 4741 boni
1463 4684 1533 4749 Μ),
1555 4697 1638 4755 ,quo
1651 4680 1801 4747 modun„
1819 4695 1869 4738 ,eu

257 4742 266 4772 ¹
282 4738 335 4795 ⁸⁶⁴
353 4738 477 4807 diffiniam
497 4746 536 4800 *ι’
555 4732 620 4807 ⁰¹⁰¹]
636 4733 679 4790 ΙΙΙ·
696 4735 853 4806 mummi
867 4748 962 4805 bem·
985 4735 1014 4792 εἰ
1069 4759 1134 4816 boui
1150 4756 1272 4815 ementiti
1289 4756 1323 4812 ati
1339 4754 1411 4826 cuod
1423 4753 1574 4813 recedunt?
1588 4755 1637 4811 sed
1651 4752 1829 4825 ignoratione,
1839 4760 1871 4811 ut

221 4824 275 4880 qun
296 4818 401 4880 spectet
418 4809 542 4872 intentio,
562 4806 873 4890 consideraverispbinc
888 4805 1015 4887 ‚pumero
1069 4839 1134 4902 po„
1147 4843 1208 4900 qum
1218 4828 1286 4884 „pm
1301 4838 1352 4895 est,
1366 4829 1431 4885 „pm
1449 4826 1592 4884 mmm
1607 4827 1660 4882 An·

222 4891 275 4937 turn
290 4882 433 4943 bonorum,
447 4894 528 4951 ouant
539 4878 672 4935 maiorum
685 4876 787 4947 patebtt
796 4875 956 4943 unlirnutas;
967 4875 1017 4934 sed

222 4952 355 5008 malorum
379 4953 475 5020 major·
499 4948 693 5021 ustorumque,
713 4950 834 5019 inqmm,
856 4947 959 5017 patebit
976 4950 1019 5004 in.
1107 4923 1303 5009 'Trallss'vmoe
1326 4938 1370 4979 00⁸
1392 4921 1473 4977 mido
1494 4918 1669 4994 mmmmm]
1689 4919 1746 4976 ΗΘΒ
1764 4929 1870 5005 981,οῧ“

222 5026 336 5080 lirutitas
354 5022 504 5092 :quoniam
531 5035 594 5077 curn
617 5020 726 5090 utrique
747 5020 782 5075 ad
810 5032 945 5074 sutnruutu
968 5020 1018 5076 bo-
1069 4997 1296 5082 Ρθῐῑξῐῑῐξΐῑῑῑθῑῑθῖ
1316 5006 1344 5052 ίῑ
1360 4996 1552 5080 ¹10⁰¹¹¹²ss¹¹¹¹¹¹¹
1568 5000 1869 5077 0⁴¹,23811fflffllff'm111‘

223 5110 285 5151 nutn
307 5093 440 5163 aspirent,
466 5093 520 5148 ituc
539 5092 629 5147 neutri
655 5093 797 5161 pertenire
817 5101 939 5161 possunt,
965 5091 1017 5149 uisi
1069 5068 1199 5153 flfm'fflb
1213 5077 1323 5134 melma
1336 5079 1512 5152 ‘lffllb’edluae
1529 5078 1655 5134 ¹¹¹²⁸¹⁰¹d¹¹
1669 5078 1791 5136 ⁰⁰¹t⁰t¹⁸
1805 5079 1867 5120 ¹¹¹⁰·

222 5176 373 5238 preeunte,
388 5164 512 5230 ducente,
530 5171 576 5219 aut
588 5163 645 5219 lere
659 5163 839 5233 compellente
852 5160 1015 5230 intentione,
1070 5141 1142 5197 “bus
1157 5150 1228 5196 '¹⁰¹³
1242 5140 1414 5203 ⁰b⁵0b¹¹¹¹ffl⁰
1828 5224 1854 5238 ..

222 5252 321 5309 rnagno
333 5238 379 5293 iiio
392 5252 425 5292 nc
438 5249 508 5308 pene
521 5235 620 5291 invicto
634 5234 779 5303 praeeuntis
793 5244 896 5289 naturae
908 5235 952 5290 uei
967 5250 1015 5305 po·
1107 5231 1119 5264 ⁸
1134 5233 1174 5287 rin
1193 5231 1300 5286 edentes
1319 5230 1481 5302 nobnurpue
1502 5227 1596 5283 ionunr
1618 5226 1871 5295 decernerentur

224 5311 275 5363 tius
293 5309 338 5365 ilei
354 5308 466 5373 autiiio,
480 5319 560 5377 quarn
576 5304 756 5362 intentionenr
773 5321 789 5361 a
806 5307 860 5361 ileo
878 5304 912 5361 ad
929 5306 1013 5362 ileum
1070 5301 1273 5377 deflectunturil
1293 5300 1347 5357 Sed
1374 5298 1425 5355 hoc
1454 5299 1536 5356 uredo
1561 5315 1615 5356 nen
1639 5299 1726 5355 solutu
1747 5304 1871 5370 potentes

224 5380 311 5449 ipsutn
331 5378 535 5464 adipiscendum
550 5387 731 5461 aeceperunt:
746 5391 800 5449 qua
813 5384 902 5461 autern
919 5378 1014 5462 maiori
1068 5389 1142 5439 esse,
1162 5373 1210 5430 scd
1225 5374 1335 5457 omnino
1348 5386 1410 5456 esse
1428 5371 1566 5457 desinunt,
1582 5386 1635 5427 non
1652 5369 1761 5441 ouidena
1776 5367 1864 5435 ouord

223 5448 775 5593 tttttbtttlttltittlttltll
790 5463 1016 5589 bilbili?
1068 5443 1489 5587 libili⁰l³dilllllililli
1502 5444 1866 5592 lldtlttttf-tttltt

223 5591 262 5647 bit
275 5590 436 5653 indomitas:
451 5590 606 5648 sicutenim
620 5606 653 5645 ex
665 5589 771 5646 duobus
782 5590 1014 5661 pronciscentibus
1068 5588 1116 5644 sed
1127 5588 1215 5658 qtrnad
1227 5587 1335 5643 rnodutn
1346 5587 1529 5643 attinetteunt
1544 5583 1615 5640 enirn
1628 5581 1700 5638 beus
1713 5596 1766 5637 uon
1779 5595 1867 5635 turnus

224 5664 270 5720 ille
283 5663 430 5734 potentior,
447 5664 492 5734 qui
512 5663 639 5724 inccdens
659 5663 693 5718 ad
713 5676 877 5732 euntesque
895 5660 1018 5734 perienit
1072 5658 1109 5714 sit
1124 5659 1185 5714 linis
1200 5658 1312 5714 ultianus
1329 5658 1427 5715 tuentis
1439 5658 1576 5720 numanae,
1590 5668 1669 5737 nutans
1690 5651 1810 5723 elusdern
1828 5661 1870 5708 est

222 5733 325 5803 incunt,
345 5735 415 5791 ultra
429 5749 509 5806 quent
526 5732 651 5806 progredi
672 5748 726 5789 uon
741 5734 818 5799 lieot;
833 5734 878 5791 iile
892 5748 956 5789 vcro
975 5732 1018 5787 in·
1073 5731 1159 5801 printn
1174 5744 1273 5794 eausa;
1296 5738 1325 5785 ut
1345 5743 1422 5785 utens
1436 5727 1553 5783 bumana
1571 5723 1675 5781 dtcatur
1696 5739 1758 5780 esse
1773 5738 1870 5807 secuu-

224 5814 340 5871 ttnnlcr,
354 5806 401 5879 qui
416 5808 506 5872 abeo,
520 5805 554 5862 ad
570 5820 648 5875 nuetu
664 5805 806 5875 peruenire
819 5805 943 5870 intendit,
957 5803 1018 5860 loco
1073 5802 1136 5858 dunt
1150 5801 1270 5867 modum,
1282 5800 1341 5856 baec
1353 5801 1386 5855 ad
1398 5798 1483 5855 Deum
1493 5797 1574 5854 debet
1587 5795 1697 5852 tendere
1708 5805 1737 5851 ut
1749 5804 1867 5858 notione,

225 5885 378 5943 denectens
392 5891 428 5933 ne
441 5878 515 5941 illurn
534 5875 642 5948 quidetu
659 5875 766 5946 attingit
779 5875 872 5932 locunt
889 5875 922 5932 ad
936 5889 1016 5946 quern
1073 5873 1113 5929 sic
1137 5873 1287 5928 roittntarin
1307 5871 1501 5941 propensione,
1522 5881 1576 5945 que
1596 5869 1679 5933 tundo
1699 5867 1815 5940 improbi
1834 5867 1869 5933 ed

224 5969 317 6014 errore
336 5972 387 6015 sno
406 5947 549 6018 uidebatur
564 5946 627 6009 doci
642 5964 648 6002 ι
665 5948 703 6009 ita
717 5945 791 6018 boni,
816 5956 908 6023 utpote
923 5947 967 6030 qui
984 5947 1016 6007 atl
1074 5943 1157 6003 bettio
1174 5958 1227 6002 nou
1240 5943 1363 6003 tendunt.
