4278 6266
166 356 217 415 Ὧι

629 355 816 412 blUiibiEbidl
835 357 880 412 ΕΤ
899 357 1081 414 AGRiCOLAE
1103 358 1374 419 commestis.-

168 465 313 535 proiertur,
328 462 552 535 quandodomnm
566 464 699 534 siqnidem
714 482 721 517 ι
735 474 889 536 tantumque
903 481 951 521 no·
967 472 989 530 Α
1004 467 1053 524 bus
1065 470 1251 526 continebatur
1269 472 1361 527 centri
1375 486 1435 529 enm
1452 483 1482 529 ut
1499 474 1623 545 poputum
1639 474 1788 536 Romamne

167 556 260 611 biiium
284 554 380 608 domus
397 553 468 610 aedes
489 553 611 608 dicuntur
627 570 634 609 :
650 553 731 609 credo
753 564 864 626 utraque
881 556 950 611 dieti

166 647 215 709 ita,
226 646 287 715 qnia
300 646 398 713 tempta
409 653 437 700 et
448 644 543 699 domus
557 644 683 698 nobilium
693 642 783 711 editor,
798 643 826 699 id
840 655 883 700 est
892 646 952 700 sitae

167 747 239 793 sunt.
251 739 395 793 denteoun.

208 829 325 882 iiaeennn
346 824 427 898 urbe]
458 826 514 881 iieo
536 833 597 891 est,
617 835 710 883 eontra
735 826 950 895 superstitionem

167 916 401 989 grsmrtraticertun
411 926 573 977 nostrorum.
585 916 629 981 qui
642 916 738 971 dotent
751 917 777 970 in
788 916 953 984 oppositione

168 1022 274 1077 semper
293 1005 459 1059 cotnmunins
481 1005 633 1073 praecedere
657 1006 754 1060 debere
782 1023 789 1059 ι
815 1008 860 1062 bic
880 1008 951 1063 ettirn

168 1102 236 1155 urbe
246 1100 314 1161 quod
326 1097 492 1151 eotnmunius
503 1107 554 1160 est,
565 1096 694 1164 seqnitur.
707 1097 853 1151 Aenrcont.

203 1194 288 1250 Notos
308 1195 422 1266 insiqniti
442 1190 582 1263 [rentibus]
598 1190 617 1243 F
620 1192 692 1258 iqurn
714 1191 839 1255 ioptteudi
860 1190 952 1246 Graeca

167 1293 219 1348 est,
229 1299 307 1350 quam
319 1293 407 1338 tntnen
422 1282 517 1336 nteiius
527 1293 554 1336 et
565 1281 756 1350 significantius
766 1282 951 1349 expressisset,

167 1376 190 1429 si
204 1374 329 1435 dixisset,
344 1372 415 1427 notis
431 1371 546 1440 tintpnitt
561 1372 701 1426 frontibus.
718 1370 783 1425 Nota
796 1371 867 1425 enirn
883 1372 952 1439 quoti

167 1466 241 1516 reiut
266 1462 470 1516 instrumentum
490 1459 568 1528 itttjus
592 1461 663 1514 serbi
678 1459 794 1528 insigniti
812 1459 951 1527 significat,

167 1565 279 1621 prorsus
291 1550 328 1603 iiii
345 1551 370 1604 ιιι
384 1553 500 1605 abiatino
513 1550 589 1619 jungi
601 1550 693 1604 dcbtrit
708 1567 715 1604 :
730 1549 827 1605 deindo
845 1551 954 1618 insigni·

167 1653 211 1697 tus
224 1642 348 1705 frondent,
361 1640 430 1694 sient
443 1641 519 1694 sibus
532 1642 634 1709 pedem,
650 1641 736 1696 batus
745 1656 860 1708 comam,
873 1643 954 1698 usita-

167 1734 222 1788 tius
234 1745 259 1789 et
273 1732 434 1787 inteiiectius
444 1733 547 1787 inisset.
562 1736 708 1788 sentuoso.

1005 554 1100 612 iterum
1124 559 1151 613 in
1175 559 1325 616 iibertmem
1349 562 1509 619 restitueret.
1526 564 1572 619 iiis
1591 564 1727 636 utriusque
1745 580 1787 620 or·

1004 646 1066 701 dine
1080 651 1234 717 respondet.
1257 649 1374 705 Primum
1398 652 1505 719 tutetur,
1524 653 1571 707 sed
1593 652 1657 708 dicit
1671 664 1743 708 reete
1758 668 1791 711 se

1005 736 1109 793 iecisse.
1125 739 1278 793 Secundum
1291 751 1380 810 nepot.
1404 741 1471 794 Dicit
1493 756 1558 810 erqo
1578 743 1742 798 striderundo
1761 753 1789 800 et

1002 830 1197 884 contemnendo
1220 833 1342 898 cuiun-n,
1362 831 1432 900 qnod
1457 832 1582 902 objicitur
1602 836 1662 890 sibi.
1686 835 1785 903 Quale.

1003 919 1104 987 inquit,
1124 929 1166 974 est
1185 918 1286 974 crimen
1301 922 1370 988 quud
1383 922 1508 988 objicitur
1519 923 1599 989 mibi,
1610 925 1632 978 si
1655 925 1695 978 tis
1717 926 1788 979 seire

1003 1019 1146 1076 sttmniatn,
1162 1009 1213 1064 boe
1233 1020 1284 1074 est.
1299 1020 1382 1064 tetum
1399 1013 1490 1079 praecis
1506 1015 1595 1068 uerbis
1608 1015 1786 1079 eenrprebcn·

1002 1110 1061 1150 suin
1078 1114 1084 1148 :
1101 1098 1152 1153 boc
1172 1107 1214 1153 est
1226 1101 1328 1155 crimen
1354 1110 1489 1165 nostrum,
1507 1103 1577 1169 qnod
1601 1103 1714 1156 dicimur
1737 1118 1787 1159 nes

1002 1186 1134 1254 cupivisse
1155 1195 1184 1241 ιιι
1207 1197 1314 1242 senatus
1335 1190 1394 1242 nen
1410 1191 1591 1244 dantnaretur.
1612 1190 1640 1248 St
1655 1194 1696 1245 nis
1717 1191 1787 1245 scire

1002 1276 1137 1346 quomodo
1151 1277 1221 1330 istud
1236 1277 1378 1332 fecerimus
1391 1295 1398 1330 ι
1412 1279 1527 1333 dicimur
1539 1294 1600 1333 curn
1620 1278 1664 1348 qni
1682 1278 1737 1333 ibot
1754 1279 1787 1332 ad

1002 1382 1091 1435 regem
1105 1367 1275 1437 impeditisse
1292 1385 1326 1423 ne
1340 1369 1470 1437 perterret
1482 1370 1641 1424 documenta
1653 1378 1681 1423 et
1692 1369 1787 1436 proba·

1004 1458 1090 1512 tiones
1103 1458 1136 1512 od
1152 1473 1259 1528 regern,
1276 1458 1372 1527 quibos
1387 1459 1533 1514 certabatur
1551 1460 1648 1513 docere
1665 1469 1787 1512 seumttm

1003 1546 1106 1601 lesisse
1126 1547 1291 1614 trtajestatem
1312 1547 1392 1616 regis.
1412 1548 1559 1617 interroget
1575 1548 1654 1618 igitur
1668 1547 1788 1601 Philoso-

1004 1636 1093 1705 pbiam
1117 1638 1180 1706 quid
1200 1637 1244 1691 iiis
1263 1637 1370 1707 jubeat,
1386 1651 1421 1691 an
1439 1638 1534 1692 debeat
1552 1652 1649 1705 negare
1666 1637 1736 1690 istud
1758 1644 1788 1691 ut

1005 1731 1220 1790 tnarreatsairus.
1235 1740 1262 1782 et
1277 1729 1302 1781 in
1319 1743 1430 1797 persona
1444 1744 1490 1782 sua
1506 1744 1559 1781 nott
1580 1728 1659 1783 inciat
1679 1728 1787 1798 aiiq'uoti

204 1821 354 1893 Serenitati]
369 1823 498 1878 Socerum
522 1824 728 1891 interpretatur,
748 1824 823 1894 quasi
838 1839 951 1896 sequeus
967 1818 1119 1877 Bdedecns
1134 1816 1323 1887 Pbilosopbirc,
1336 1820 1383 1874 sed
1406 1820 1471 1873 dicit
1485 1818 1602 1874 uetuisse
1616 1833 1646 1872 se
1659 1819 1728 1873 istud
1749 1819 1788 1872 ia·

167 1924 279 1982 rerum,
298 1914 374 1983 cnjus
393 1913 556 1969 contrarium
571 1914 680 1984 proprie
700 1926 740 1969 est
763 1916 950 1984 induigentia:

168 2008 238 2063 irride
259 2019 286 2062 ct
303 2007 365 2061 alibi
390 2007 460 2061 sicut
483 2016 607 2075 sanctos,
621 2008 657 2060 ite
680 2022 790 2063 sereres
807 2008 912 2077 iudices
926 2006 953 2062 in

167 2099 246 2154 tande
257 2100 340 2171 ponit.
355 2099 479 2155 {teretius
491 2116 499 2154 :

383 2188 470 2237 Forum
483 2187 616 2252 putealque
628 2189 728 2237 Libonis

231 2248 346 2299 baodabo
357 2252 437 2311 seris,
449 2251 551 2298 aditnsrn
563 2258 662 2299 cantare
673 2251 776 2299 seueris.

169 2333 269 2399 betrui,
281 2335 306 2387 id
321 2342 361 2388 est
375 2332 494 2402 adjungi,
507 2333 541 2386 ab
554 2333 588 2385 od
601 2341 627 2385 et
638 2345 718 2388 struo.
736 2337 880 2387 dentcetn.

181 2460 184 2465 ,
204 2423 338 2495 Suscepto]
355 2427 468 2492 Accepta
483 2424 649 2478 commodius
659 2425 757 2477 dictum
767 2422 871 2477 inisset.
887 2422 952 2476 Nam

169 2514 315 2568 deintinnes
339 2515 446 2582 proprie
467 2514 631 2581 suscipiunt,
646 2514 672 2568 id
696 2524 747 2578 est.
774 2514 888 2568 subeunt
909 2522 954 2565 eut

169 2606 302 2662 sustinent
315 2606 511 2662 incursationem
520 2646 528 2671 ,
538 2605 621 2674 judex
639 2605 760 2677 accipere
774 2605 873 2662 rectius
888 2604 953 2659 dici·

169 2706 222 2753 tur.
237 2703 380 2753 dentcott.

204 2785 294 2858 Artes]
308 2788 387 2842 Artes
401 2786 558 2858 quandoque
577 2801 626 2856 pro
644 2786 762 2841 moribus
776 2786 951 2855 accipiuntur.

170 2876 304 2933 iurenabs
318 2893 325 2929 r

384 2966 485 3024 otiando
495 2965 586 3014 artibus
596 2964 696 3028 (iuquit)
709 2964 818 3013 honestis

232 3026 318 3077 tt'nttns
329 3028 353 3076 in
365 3031 426 3075 orire
438 3028 514 3074 iot-ns.

171 3110 334 3178 Quandoque
349 3122 396 3173 pro
410 3107 549 3167 doctrinis.
563 3106 591 3160 ιιι
604 3105 739 3162 luvenalis
755 3123 762 3159 a

292 3201 376 3249 netem
385 3200 500 3249 scindens
510 3198 640 3249 Theodori.

171 3285 203 3338 iit
217 3282 358 3338 Terentius
374 3299 382 3336 ι

245 3372 314 3431 Quod
324 3370 388 3420 torte
401 3370 499 3428 cecidit,
513 3369 538 3419 id
547 3377 600 3420 arte
612 3376 639 3421 ιιι
649 3372 766 3430 cert-ipss.

171 3455 332 3524 Quandoque
345 3465 431 3508 nsturu
449 3461 496 3505 aut
514 3453 614 3508 tioium.
628 3453 739 3509 Ouidius
749 3453 774 3507 in
789 3469 797 3508 t
812 3454 846 3510 tle
864 3452 929 3511 Arte
944 3473 951 3509 :

245 3543 312 3594 'sune
322 3544 400 3604 aperit
413 3550 509 3591 mentes
520 3556 572 3591 mun
582 3542 700 3591 rarissima
712 3551 794 3593 nestro

291 3603 446 3667 stnqtcnns
457 3610 524 3653 artes
534 3608 675 3654 excutiente
686 3605 751 3654 Deo.

171 3686 315 3744 desinont.

203 3776 277 3832 itane
301 3776 367 3830 nibii
391 3775 522 3832 fortunam
549 3774 675 3849 puduiti]
702 3776 776 3831 itane
796 3775 896 3831 nuiiius
914 3791 953 3830 rer

171 3866 263 3939 puduit
281 3867 433 3921 fortunam?
458 3866 527 3920 Nittii
552 3868 659 3934 puduit,
676 3866 773 3920 ittetnio
785 3874 826 3919 est
848 3863 954 3920 Graea-

171 3959 237 4015 niea.
250 3960 304 4025 Sic,
316 3967 383 4013 teste
395 3957 542 4022 brisciano,
555 3957 696 4013 Terentius
705 3960 732 4012 in
744 3957 873 4029 Adelphis
886 3973 955 4014 not-e

172 4064 244 4106 more
254 4049 400 4105 seeundum
413 4047 521 4103 Grecos
531 4048 598 4102 dixit
612 4066 619 4103 ι

292 4144 370 4199 Quem
382 4150 463 4200 oeque
476 4139 551 4200 pudet
561 4140 701 4201 quidquam.

171 4220 313 4277 etiterum
330 4236 338 4274 ε

290 4310 338 4361 liet
350 4312 421 4372 mibi,
433 4322 480 4359 uon
491 4317 516 4360 te
527 4311 573 4360 bec
584 4310 668 4371 pudet.

204 4392 235 4448 Si
247 4392 342 4462 mittor]
356 4393 384 4448 Si
400 4408 469 4459 oon,
485 4393 596 4449 subaudi
608 4392 702 4463 puduit
718 4394 861 4449 iortunam.
876 4394 954 4449 inno·

169 4485 274 4550 cernuae,
289 4483 457 4553 subintellige
470 4498 547 4537 mee.

1003 1921 1080 1971 cere,
1105 1916 1132 1961 et
1151 1921 1256 1977 setnper
1279 1910 1359 1963 velie.
1382 1907 1481 1962 Contra
1512 1918 1599 1962 tomen
1626 1908 1649 1963 si
1675 1907 1789 1962 intentur

1003 1997 1089 2061 istud,
1110 1997 1215 2051 deinter
1230 1997 1285 2065 jum
1310 1998 1429 2065 perdeiet
1449 2000 1500 2052 boe
1519 1998 1590 2067 quod
1612 1997 1746 2067 cogitarit,
1761 2006 1789 2052 et

1003 2108 1056 2146 nen
1078 2091 1175 2161 poterit
1196 2092 1318 2161 impediri
1339 2092 1373 2145 ab
1387 2091 1567 2171 recreatione.
1584 2090 1679 2146 Sobdit
1692 2090 1789 2145 deiude

1003 2194 1105 2237 reettnn
1119 2182 1258 2251 essequod
1270 2183 1481 2236 toiuitsenatum
1494 2182 1597 2237 saltum
1613 2197 1674 2238 esso
1686 2200 1693 2237 ι
1705 2198 1788 2251 quain·

1003 2289 1081 2343 quom
1097 2284 1205 2327 senates
1228 2272 1344 2327 decretis
1368 2274 1424 2326 suis
1446 2274 1509 2342 (boe
1530 2280 1573 2327 est
1596 2272 1711 2342 statutis)
1734 2280 1788 2327 tant

1004 2365 1073 2419 triade
1090 2364 1124 2417 de
1138 2380 1171 2418 eo
1192 2364 1334 2426 meruerit,
1350 2373 1380 2417 ιιι
1393 2379 1445 2417 nen
1468 2363 1578 2418 deberet
1599 2363 1713 2431 atnpiius
1732 2377 1789 2418 me-

1003 2453 1055 2507 rito
1065 2455 1177 2508 satutem
1193 2454 1249 2523 ejus
1264 2464 1368 2524 optare,
1381 2463 1468 2508 nmen
1479 2453 1655 2524 imprudentia
1668 2463 1788 2519 serimus,

1002 2547 1048 2615 qui
1064 2547 1134 2600 ritate
1148 2545 1182 2600 de
1199 2561 1232 2600 eo
1244 2555 1389 2613 statuerat,
1405 2561 1458 2600 non
1477 2561 1556 2617 posse
1578 2558 1680 2601 mutare
1693 2545 1789 2600 merita

1003 2653 1110 2704 rerum,
1125 2637 1245 2707 ineest,
1267 2650 1295 2692 ut
1318 2638 1343 2693 iti
1366 2640 1436 2709 quod
1459 2650 1560 2694 rectum
1585 2640 1662 2694 steret
1683 2649 1789 2707 propter

1003 2744 1079 2781 sunm
1099 2728 1259 2783 senteutiam
1275 2720 1392 2798 'iniquum
1403 2746 1410 2795 ;
1423 2730 1521 2784 deiude
1535 2730 1615 2784 etiam
1629 2737 1662 2784 et
1677 2743 1789 2785 consue·

1005 2818 1096 2873 tudine
1110 2819 1245 2873 societatis
1259 2820 1369 2887 putabat
1381 2833 1433 2872 non
1450 2818 1531 2872 licere
1547 2819 1597 2872 sibi
1611 2818 1689 2871 atiter
1699 2818 1788 2871 dicere

1003 2923 1082 2977 quant
1102 2920 1144 2961 res
1161 2908 1281 2961 baberet.
1300 2906 1486 2962 Verumtamen
1501 2917 1590 2961 utrum
1608 2908 1656 2961 ista
1670 2916 1741 2961 recte
1753 2920 1787 2961 an

1004 3014 1083 3053 scens
1106 2997 1175 3053 iacta
1196 3002 1251 3053 sint
1274 2998 1364 3054 caeteri
1388 2998 1458 3052 docti
1482 3007 1509 3052 et
1534 2998 1668 3066 sepientes
1689 2997 1788 3054 debent

1004 3090 1164 3143 restituere:
1189 3091 1250 3158 quia
1274 3105 1330 3144 rem
1351 3089 1477 3160 seriptum
1501 3088 1627 3158 reliquit,
1640 3088 1788 3143 orationem

966 3169 989 3230 C
1005 3180 1124 3235 tideiicet
1134 3195 1185 3250 qua
1200 3179 1381 3235 defensionem
1396 3179 1511 3250 scripsit.
1536 3180 1653 3250 Deinde,
1668 3179 1738 3233 Nom
1757 3180 1790 3233 de

1005 3272 1164 3341 compostis,
1178 3271 1323 3339 respondet
1342 3271 1459 3326 secuttdo
1478 3270 1598 3335 crimini,
1613 3270 1706 3324 dicens
1722 3269 1789 3324 nibil

1005 3379 1073 3431 opus
1094 3378 1155 3418 esse
1176 3364 1266 3418 dicere
1288 3364 1321 3417 de
1341 3362 1392 3417 bne
1416 3363 1487 3433 quod
1510 3363 1603 3416 titteree
1626 3360 1699 3415 iotse
1712 3368 1790 3416 erent

1004 3458 1172 3524 serenante,
1187 3456 1282 3526 quibus
1292 3454 1431 3510 diccbstur
1441 3456 1498 3523 ipse
1509 3454 1623 3508 toioisse
1635 3453 1746 3507 Romam
1761 3452 1790 3506 io

1006 3549 1156 3604 libertatern
1171 3543 1323 3613 uindicare,
1338 3547 1408 3616 quoti
1425 3546 1501 3602 [scite
1513 3546 1643 3614 potuisset
1654 3560 1687 3599 ex
1701 3544 1790 3598 verbis

1006 3641 1073 3711 ipsis
1098 3650 1301 3705 accinctorum,
1330 3639 1353 3693 si
1377 3639 1525 3707 potuissent
1548 3635 1587 3690 tttt
1611 3643 1704 3689 contre
1728 3647 1791 3688 eum

947 3777 952 3788 .
1005 3732 1108 3787 audire.
1125 3731 1227 3786 bciude
1237 3730 1302 3785 dicit
1314 3728 1385 3787 istud
1397 3744 1427 3784 se
1440 3743 1492 3783 non
1507 3728 1618 3792 iecisse,
1629 3726 1691 3797 quia
1706 3725 1790 3779 norm

1003 3825 1057 3895 jain
1072 3825 1108 3880 sit
1123 3835 1176 3878 tarn
1188 3828 1326 3893 oppresso,
1338 3833 1366 3875 ut
1378 3837 1429 3876 non
1445 3823 1529 3891 possit
1543 3819 1595 3874 uile
1612 3820 1720 3875 iibertas
1734 3831 1793 3870 arn·

1008 3918 1078 3986 ptius
1093 3915 1195 3984 sperari
1213 3932 1220 3967 ε
1235 3915 1297 3970 etsi
1313 3914 1441 3981 potuisset
1461 3912 1549 3981 aliqua
1572 3924 1633 3980 spes
1654 3909 1738 3963 inisse
1759 3908 1792 3962 ii·

1006 4008 1132 4072 bematis,
1148 4021 1179 4061 so
1193 4005 1244 4060 boc
1266 4016 1319 4059 tarn
1332 4006 1436 4060 occulte
1447 3998 1597 4059 babiturum
1612 4002 1709 4065 tuisse,
1724 4008 1753 4052 ιιι
1764 3997 1791 4057 ιιι

1006 4113 1173 4169 nequequam
1194 4097 1317 4153 debuerit
1337 4094 1370 4150 ad
1396 4096 1516 4166 notitiam
1539 4094 1610 4164 regis
1632 4093 1791 4163 pertenire,

1005 4188 1229 4259 quemadmodum
1242 4188 1352 4252 conius,
1363 4187 1440 4256 cujtts
1451 4201 1529 4255 snpra
1541 4184 1603 4242 iecit
1614 4185 1793 4251 retentionem,

1006 4280 1051 4347 qni
1066 4290 1116 4331 ota
1130 4278 1195 4332 Caio
1205 4277 1322 4346 Caligula
1336 4276 1441 4332 cesare
1457 4277 1562 4331 occisus
1578 4285 1634 4340 est,
1654 4274 1791 4344 resportdit

1005 4368 1122 4433 Caesari,
1139 4383 1200 4422 eum
1219 4368 1319 4423 diceret
1332 4366 1359 4421 in
1374 4367 1487 4436 quadam
1499 4366 1686 4433 conjttratione
1699 4376 1791 4419 contre

1005 4460 1140 4516 Caesarem
1151 4461 1218 4514 iacto
1230 4460 1316 4528 ipsum
1328 4458 1410 4513 tuisse
1418 4456 1568 4522 conscium,
1580 4456 1673 4510 dicens
1685 4472 1692 4508 ι
1703 4456 1731 4509 st
1741 4468 1791 4521 epo

202 4577 235 4625 At
249 4573 423 4626 mmmm
436 4571 551 4644 qimam]
571 4571 633 4627 ΠΜ
645 4582 687 4627 032
708 4587 770 4627 qm
792 4574 873 4629 pepp„
892 4590 953 4642 qum
967 4532 1155 4617 Dsetvtssem
1168 4565 1194 4608 tu
1207 4552 1377 4616 meminisses,
1388 4550 1439 4602 boc
1448 4556 1499 4610 est.
1513 4557 1564 4601 ttttn
1578 4545 1721 4613 prudenter
1734 4558 1791 4598 rent

169 4659 281 4715 babetur
295 4659 323 4714 in
341 4661 487 4717 emendatis
505 4663 719 4732 eteurplsribns,
740 4662 952 4719 subaudiendum

168 4760 209 4806 est
224 4752 360 4819 puduisset
371 4769 441 4806 eant.

207 4840 328 4911 i'ititntis]
349 4843 526 4911 improbitatis
535 4853 563 4899 et
576 4844 746 4915 impuritatis.
761 4845 952 4901 Aecusnntiutn

168 4943 261 4985 earum
276 4934 321 5000 qui
336 4947 380 4986 me
390 4943 559 4988 accusarunt.

202 5020 234 5074 dt
246 5025 321 5094 ettjus
330 5024 442 5077 criminis
454 5025 621 5097 epeimert]
636 5025 693 5080 iioe
706 5028 765 5080 ioco
778 5027 896 5083 ostendit
911 5029 952 5082 in·

169 5111 320 5179 dignitatem
332 5112 508 5169 damnationis
522 5130 555 5171 en
574 5119 613 5170 eis
629 5132 687 5184 qum
704 5117 741 5170 iiii
763 5118 797 5172 ab
816 5130 955 5172 accusato-

169 5202 242 5256 ribus
259 5204 455 5272 objiciebantur
474 5220 557 5275 usque
578 5207 611 5260 ad
632 5222 693 5262 eum
719 5209 818 5263 tectim.
839 5209 891 5263 Sed
914 5209 954 5263 ias

169 5288 246 5344 inerit
266 5292 381 5347 nefarios
398 5294 529 5349 bomines.
544 5296 622 5350 Ponit
636 5296 726 5365 itaque
745 5299 797 5353 due
817 5300 927 5353 crimina
944 5317 952 5355 a

169 5393 248 5432 unum
270 5390 328 5433 erat
348 5381 417 5449 qued
437 5383 576 5437 dicebatur
591 5385 762 5453 impedivisse
782 5390 904 5441 nuntium
920 5404 953 5442 ne

168 5467 200 5523 ιιι
217 5484 305 5538 regem
324 5473 452 5537 perterret
474 5472 578 5528 litteras
596 5476 692 5543 qubus
711 5478 897 5531 continebatur
912 5493 956 5531 se·

168 5569 257 5613 natutn
274 5560 374 5615 sentire
392 5570 484 5616 contra
500 5578 605 5633 regern,
618 5575 648 5619 ut
662 5568 701 5621 sie
717 5579 826 5636 propter
840 5569 890 5622 boe
913 5582 955 5623 se·

168 5658 245 5705 natus
265 5650 342 5706 beret
369 5652 438 5713 iesse
465 5654 611 5724 majestatis
635 5658 714 5727 regie
736 5675 807 5715 rens.
832 5658 952 5714 niterent

84 5754 86 5757 ·
167 5743 266 5801 crimen
284 5753 356 5806 erat.
371 5746 442 5811 quod
459 5748 599 5804 dicebatur
617 5748 717 5804 iittems
736 5750 873 5812 scripsisse
895 5747 954 5809 etti·

1004 4649 1165 4718 ssessissent,
1179 4656 1210 4700 ut
1228 4653 1255 4698 tu
1272 4657 1323 4697 non
1345 4640 1476 4710 potuisses
1496 4640 1643 4708 percipere.
1661 4636 1726 4690 Post
1742 4633 1791 4697 iet.

1007 4739 1065 4805 Qua
1079 4739 1147 4789 inre
1165 4735 1306 4804 nrpuimnr.
1320 4732 1441 4799 Argtrere
1463 4728 1622 4797 quandoque
1645 4722 1791 4795 repreben-

1005 4830 1134 4892 desecet,
1148 4834 1178 4878 ut
1191 4825 1244 4889 bic,
1254 4833 1282 4879 et
1295 4821 1388 4891 Virgii.
1401 4822 1428 4875 iu
1443 4834 1469 4874 ιι
1483 4837 1490 4873 :

1451 4908 1542 4971 ideque
1552 4906 1647 4958 nnmtt

1069 4977 1163 5038 Argue,
1175 4980 1200 5022 tu
1213 4974 1317 5024 Drance.

1005 5058 1170 5128 Quandoque
1184 5057 1298 5127 probare
1311 5051 1460 5120 significat.
1471 5059 1500 5105 ιιι
1513 5036 1659 5107 Jtteenaiis:

1219 5144 1305 5193 diuites
1314 5143 1376 5205 qued
1389 5143 1412 5190 in
1424 5154 1485 5191 nure
1497 5141 1611 5191 fenestrae

1066 5207 1210 5270 Argneriot,
1223 5205 1280 5255 iicet
1289 5209 1340 5266 ipse
1353 5216 1452 5264 negem.

1006 5291 1081 5347 Unde
1106 5299 1135 5345 et
1158 5297 1343 5358 orqttmcntmn
1365 5284 1486 5339 detiuivit
1508 5284 1603 5340 Cicero
1618 5298 1678 5339 esse
1697 5283 1791 5354 probo·

1006 5381 1059 5435 bile
1082 5383 1218 5435 inventurn
1236 5378 1270 5432 sd
1288 5376 1436 5432 iaciendum
1448 5376 1538 5430 tidem
1550 5374 1629 5433 Quid.
1645 5374 1671 5429 in
1686 5388 1693 5428 ι
1709 5376 1792 5430 iloto·

1005 5475 1110 5541 merpb.
1128 5490 1135 5525 t
1430 5536 1435 5545 .

1069 5566 1222 5625 Argumenta
1233 5561 1329 5623 demes,
1340 5573 1388 5625 qna
1398 5563 1473 5612 sirous
1483 5561 1578 5623 origine
1590 5560 1647 5608 usti.

1008 5651 1151 5704 denrcott.

1044 5737 1193 5808 Sontmnm]
1207 5739 1318 5797 Suntntt
1337 5740 1434 5796 dieitur
1448 5739 1570 5796 cellectio
1588 5739 1626 5795 rei
1642 5736 1794 5812 mtdttpttctt
