4188 6266
336 379 406 447 idib

313 470 315 475 ⁴
369 492 467 550 Glorior
486 488 600 560 propriu]
616 489 729 544 Fattstns
745 489 925 569 littlrelinos:

394 582 477 632 Fortia
487 581 599 633 difficiles
607 585 747 643 superantia
759 591 859 642 preclara
869 594 949 639 tastta,

426 642 515 706 loelpta
528 651 655 705 perpetuae
665 647 760 693 ttotttitta
769 644 850 695 laudis
861 644 960 693 triliano

258 746 261 750 ·
373 725 461 780 i'irtua
473 722 591 795 secutur]
604 725 681 782 Unde
693 729 778 782 virtus
792 725 925 796 appellata
938 728 973 779 sit
987 724 1123 791 ostendit,

333 816 404 888 guod
419 817 475 872 suis
490 818 594 873 scilicet
611 818 713 873 uiribus
730 820 834 883 nitens,
850 833 904 872 non
919 830 1060 886 superetur
1074 816 1123 871 ad·

332 909 428 964 uersis.
451 907 485 962 il·
506 907 601 963 Cicero
620 907 689 963 libro
708 908 918 963 Tusculanarum
940 906 1124 975 Quaestionum

332 1001 452 1057 secuudo
465 1017 470 1053 :
488 1001 625 1069 Appellato
637 1009 674 1054 erl
685 1001 750 1053 enim
761 1015 793 1054 es
802 1001 855 1054 ciro
865 1001 954 1054 uirtus.
971 997 1026 1051 Viri
1040 1008 1125 1051 notem

334 1091 441 1159 propria
454 1090 566 1144 maxime
578 1097 615 1143 est
630 1090 776 1160 tortitudo,
790 1091 864 1160 cujus
879 1104 986 1142 mosera
1000 1090 1052 1141 duo
1071 1103 1125 1141 otu·

332 1181 404 1236 aimo
418 1189 492 1246 sunt,
506 1179 595 1234 mortis
607 1179 754 1251 dolorisque
769 1179 932 1260 septemptio.
949 1177 1077 1233 Utendum
1088 1185 1126 1230 cst

332 1271 411 1342 igitur
425 1269 484 1335 iris,
496 1270 518 1323 ri
533 1270 634 1325 uirtutis
648 1279 795 1342 compotes,
811 1270 850 1323 ret
864 1270 949 1336 potiris
963 1268 1044 1322 riuiri
1056 1267 1128 1320 oola·

654 376 823 438 studenti
843 379 888 435 tto
907 377 1029 434 sttruos
1048 376 1093 432 tiit
1112 374 1370 433 cossottttotttt
1390 375 1642 435 tttttbsuttttls.

1135 489 1160 549 Α
1233 488 1339 548 bertine
1351 498 1445 551 prtem
1456 493 1524 548 rirlt,
1537 487 1772 553 metuninoedatnra
1781 500 1900 543 erosae·

1889 372 1977 437 Μ

1235 549 1364 601 i'lenttbos
1373 559 1430 600 ante
1441 565 1505 601 aratu
1513 556 1582 602 stetit
1594 551 1717 614 tplugenia
1730 553 1855 603 ministris.

1212 632 1340 705 l'oederot]
1355 632 1468 689 i'oedere
1482 633 1553 690 lacto
1567 633 1661 689 incidit
1674 643 1700 689 et
1713 641 1822 688 mactat.

1212 722 1301 795 Nolle]
1317 724 1469 794 iphigenia.

1210 813 1326 887 ltorltatr]
1342 818 1461 887 Ulyssem

1211 907 1333 980 Sotiates]
1348 908 1454 965 Satrius.
1471 908 1644 979 Propertius:

1240 997 1356 1050 l‘aulatito
1367 1002 1460 1051 socium
1469 1001 1586 1063 iacturam
1597 1002 1666 1054 licuit
1677 1000 1787 1066 Ulpsses.

1213 1078 1305 1154 Ferus]
1320 1082 1514 1147 Truculentns‚
1529 1086 1563 1137 ab
1578 1080 1744 1140 humanitate
1758 1085 1839 1139 trians
1849 1086 1974 1143 alienus.

1213 1171 1314 1245 dimili]
1327 1173 1485 1242 Absorpsit,
1502 1175 1662 1233 recondidit.

1212 1262 1397 1337 Pnlppdemars]
1409 1265 1459 1321 lite
1471 1265 1521 1320 luit
1532 1267 1645 1337 Neptuni
1661 1260 1734 1324 illius
1742 1284 1775 1324 es
1787 1267 1858 1323 Tboa
1866 1269 1976 1327 Pborei

332 1376 388 1413 ines
407 1375 476 1424 ease,
490 1362 610 1429 ipsaniam
623 1375 639 1413 o
653 1360 714 1415 airis
735 1362 817 1414 sirius
837 1374 928 1413 riomen
942 1367 979 1412 eat
997 1364 1126 1411 mutuato.
1178 1354 1247 1416 itta.
1261 1357 1294 1413 ad
1305 1373 1384 1427 nuetn
1397 1372 1457 1412 curn
1470 1357 1578 1431 Ulysses
1589 1362 1615 1413 in
1628 1360 1744 1418 Siciliam
1757 1360 1893 1431 proiectus
1905 1378 1976 1419 eum

332 1452 486 1506 Lactantius
505 1450 573 1507 libro
592 1451 626 1507 de
640 1451 772 1522 Opiticint
788 1451 844 1517 Vir,
860 1451 963 1522 inquit,
977 1450 1128 1504 aorninstua
1177 1446 1318 1503 duodecim
1333 1450 1475 1505 comitibus
1496 1452 1677 1521 peruenisset,
1697 1460 1753 1508 tres
1772 1453 1855 1509 cadrrs
1872 1455 1975 1524 optimi

333 1552 386 1608 cst,
399 1543 467 1612 psal
479 1542 507 1597 its
518 1559 546 1597 eo
560 1544 696 1615 majoriis
708 1553 747 1599 esi
759 1559 836 1615 qaum
851 1544 878 1597 in
898 1542 1004 1613 leniae.
1020 1538 1053 1594 Et
1069 1539 1129 1593 ltine
1179 1538 1232 1592 rint
1246 1553 1337 1594 secuto
1349 1547 1468 1609 portans,
1478 1541 1625 1601 admiratus
1633 1550 1674 1597 est
1683 1544 1908 1612 magnitudinum,
1916 1542 1976 1598 lur-

333 1635 412 1692 uirtaa
427 1651 523 1707 nomer,
531 1637 641 1705 oeuplt.
856 1696 858 1701 ‚
1178 1647 1302 1700 mumque
1316 1632 1432 1688 bominis
1448 1634 1555 1691 unicum
1568 1635 1674 1691 oculum
1689 1636 1715 1690 in
1731 1636 1819 1691 ironte
1832 1637 1973 1704 babeer

594 1725 626 1781 tit
646 1724 792 1781 iiETiill!
813 1724 869 1781 tlt.
1178 1727 1223 1794 nui
1238 1727 1310 1783 solos
1322 1727 1372 1782 sub
1386 1737 1466 1783 antro
1479 1729 1592 1784 tollebat
1604 1728 1739 1800 lapidem,
1753 1730 1860 1799 qualern
1876 1731 1972 1801 viginti

368 1819 461 1876 Trium
475 1818 686 1875 tortisslmoront
702 1817 835 1890 esempils
854 1816 987 1881 ostendit,
1005 1831 1058 1871 nan
1076 1806 1127 1870 uisi
1141 1851 1165 1912 Β
1180 1817 1259 1872 baum
1273 1818 1336 1889 iuga
1350 1819 1394 1874 ris
1409 1834 1520 1876 morere
1533 1822 1691 1891 patuissent.
1712 1823 1754 1878 db
1766 1837 1802 1878 eo
1822 1822 1909 1894 igitur
1921 1824 1976 1881 sei·

332 1926 381 1982 por
401 1911 522 1968 diltioilla
540 1920 568 1968 et
586 1912 672 1968 ardua
690 1911 744 1968 itur
761 1925 823 1966 eme
841 1910 874 1965 ad
889 1909 1016 1966 virtatem
1029 1907 1128 1978 etglo-
1177 1908 1291 1965 scitatus
1302 1909 1463 1981 estiltpsaes
1475 1912 1547 1982 quod
1559 1913 1805 1984 geauabomiuuin,
1818 1916 1865 1985 uui
1880 1931 1975 1975 nares

333 2005 413 2060 riam.
431 2003 490 2059 tion
510 2004 591 2074 igitur
609 2004 819 2060 detrectantium
837 2011 878 2059 eet
896 2010 1054 2065 certamen,
1074 1998 1127 2055 no'n
1177 2010 1284 2067 errent,
1298 2007 1327 2057 'et
1348 2016 1396 2072 per
1414 2001 1507 2060 iorem
1520 2005 1716 2062 obsecraritut
1729 2007 1826 2064 liceret
1839 2008 1894 2067 atat
1915 2019 1975 2067 tats

334 2096 499 2149 recusandus
521 2095 606 2158 labar,
631 2108 686 2163 nno
708 2094 819 2178 uirtutis
839 2103 869 2149 et
890 2092 1033 2163 sementia·
1050 2091 1129 2147 uobis
1177 2086 1973 2169 abire.ltte'reroarmerberespondeus,noatitaereloreru

333 2184 446 2239 toateria
460 2177 629 2251 suggeritur,
638 2183 716 2252 jutta
732 2183 852 2252 poeticos
866 2182 927 2236 illos
942 2191 1054 2236 tersus:

396 2273 512 2335 oolstssts
523 2275 588 2322 euim
600 2274 675 2322 duros
682 2286 753 2324 mstis
767 2274 864 2323 rtrtodr
874 2285 958 2323 amare

398 2334 501 2391 tlieorit,
514 2334 557 2383 ille
569 2336 617 2385 sibi
627 2335 909 2396 laudernnuedeeusque
922 2333 1027 2393 parabit.

397 2395 430 2445 Αι
440 2397 482 2458 qul
491 2394 620 2454 desidiam,
633 2395 766 2457 luxumque
777 2402 897 2456 sitquctur
908 2396 1024 2457 inertem,

396 2455 460 2506 liure
473 2458 497 2505 lu
517 2460 535 2505 ‘t
547 2459 670 2518 oppositos
681 2458 776 2505 incauta
789 2466 872 2504 niente
883 2455 987 2511 litones,

395 2471 625 2581 'l'urplsfflropsque
637 2515 708 2566 sinaut
720 2520 753 2568 tui
767 2517 861 2566 erobie
872 2518 983 2577 transigit
991 2527 1080 2565 aetum.

350 2619 355 2623 ·
370 2599 415 2655 liis
427 2598 523 2671 guinis]
541 2600 648 2654 Decem.

373 2688 460 2760 Ultor]
477 2689 578 2744 vindex
591 2729 598 2755 ,
612 2698 705 2758 raptor
721 2687 841 2742 llelunoe.

373 2779 491 2853 Atrides]
499 2783 684 2851 bgantcmnou
695 2779 768 2832 attrei
780 2778 859 2831 tilius.
870 2774 994 2831 lluratins
1005 2776 1030 2831 in
1041 2775 1126 2846 Epist.

582 2870 671 2919 Nestor
684 2879 831 2929 corttponere
842 2864 900 2915 bles

428 2932 497 2983 iuter
509 2930 611 2982 Peliden
622 2929 721 2981 festinat
729 2937 755 2979 et
766 2928 832 2978 inter
844 2927 956 2987 Atriden.

371 3012 505 3087 Pargptaet
520 3011 619 3083 Troiae.

372 3105 476 3178 licinii]
492 3105 616 3162 Excidio.

369 3196 484 3268 Fratris]
500 3196 625 3253 Mene'ai.

371 3291 484 3343 induor
506 3284 643 3359 inclamas]
668 3286 794 3355 Ereptum
817 3281 1124 3357 contingentlleleuam,

334 3382 476 3440 ntuiiernm
491 3380 572 3450 longe
587 3379 806 3449 pulcherrimam.

369 3469 465 3540 Piauitl
481 3469 616 3539 Purgarit.
630 3469 724 3524 Horo:

427 3559 458 3609 Et
469 3558 564 3621 eulpam
574 3559 720 3608 miserorum
732 3565 809 3608 morte
822 3558 930 3620 planant
1006 3572 1010 3580 ·

334 3646 436 3702 &ntus
450 3652 511 3707 eat,
528 3642 642 3711 ltaptum
658 3640 765 3696 lieleooe
780 3656 859 3717 opem
875 3641 1035 3697 libidinosus
1051 3643 1125 3697 Paris

338 3732 515 3808 perpetrarit,
527 3735 710 3803 Agamemnon
722 3730 831 3786 vindice
844 3730 914 3793 bello
924 3740 952 3786 et
964 3731 1051 3800 troia
1062 3731 1127 3786 snb-

334 3828 458 3885 versione
479 3825 613 3896 purgavit.
633 3823 740 3880 Scelere
761 3822 832 3878 enim
848 3822 964 3879 uindicta
980 3832 1127 3894 purgantur

335 3920 558 3987 eutoiiunturtpoe.
923 3984 928 3994 ⁸

368 4007 637 4078 illel-Agamemnon.
654 4003 704 4061 lile
716 4003 749 4059 ad
763 4002 865 4060 bellurn
881 4001 1026 4072 Troianum
1042 4002 1123 4073 proli·

333 4105 453 4169 riscens,
470 4114 532 4156 outo
548 4097 617 4166 apud
630 4095 752 4151 totidem
767 4095 885 4167 reliquos
899 4093 1011 4151 Grauia
1025 4093 1124 4164 princi·

334 4207 382 4264 pes
400 4196 586 4261 exspectaret,
608 4186 765 4256 imprudens
779 4187 870 4241 biano·
890 4174 997 4242 cernam
1016 4185 1124 4242 occidit.

334 4286 421 4354 Quare
435 4282 484 4340 dea
500 4282 585 4346 trata,
600 4278 627 4333 in
644 4287 742 4332 tantam
759 4284 944 4346 tempestatem
964 4275 1124 4331 maressii·

334 4377 416 4445 tarit,
432 4382 461 4429 ut
473 4370 628 4429 Graeorum
642 4364 735 4423 classic
753 4364 817 4423 inde
834 4359 973 4420 discedere
991 4380 1044 4421 non
1062 4380 1125 4435 pos·

335 4467 384 4528 ret.
405 4468 470 4524 cun
490 4474 579 4519 autent
598 4460 677 4516 etiant
698 4467 773 4528 peste
791 4456 964 4525 laborarent,
985 4458 1123 4513 contuitus

333 4566 464 4631 ualebat,
483 4558 640 4631 respondit:
657 4554 748 4611 ”W
762 4554 826 4607 ''m‘'
846 4553 1044 4623 ⁸⁹“”'‘m”⁰”³⁰
1062 4569 1121 4607 ’Μ’
1135 4565 1161 4628 Β
1175 4588 1245 4656 riri,
1260 4602 1293 4644 ex
1309 4585 1452 4658 posteriori
1470 4586 1542 4655 corti.
1557 4585 1685 4641 llerenics
1701 4586 1811 4656 optabat
1824 4598 1872 4641 eos
1885 4599 1902 4639 e
1916 4585 1965 4641 l‘e·

333 4662 408 4734 gains
425 4674 478 4713 esse
497 4652 662 4725 plorandum,
678 4646 796 4702 Tandem
818 4642 899 4718 igitur
914 4643 1122 4735 Agamemnonis

334 4765 439 4824 ortoque
453 4760 586 4802 consensu
599 4738 713 4797 adducta
732 4738 887 4810 tpbigenia,
904 4746 931 4794 et
944 4746 1057 4792 mactata
1071 4744 1122 4790 cst.

335 4839 429 4912 Virgii.
445 4835 576 4894 AEneidos
590 4833 662 4888 libro
671 4830 789 4885 secundo
803 4846 811 4883 ε

397 4931 522 4993 Sanguine
536 4924 648 4989 placastis
659 4928 745 4973 tentos
753 4928 783 4993 ¹ot
793 4920 891 4974 rtrrtne
901 4931 981 4976 casa.

394 4993 458 5044 Cum
472 4992 577 5052 primum
589 4986 676 5035 iliacas
684 4983 759 5032 ilaoat
768 4982 873 5033 reoiatis
882 4983 912 5035 eti
922 4993 985 5032 oras.

334 5076 385 5133 biii
397 5072 503 5128 tradunt
514 5066 678 5139 ipblgoniam
692 5077 706 5117 a
722 5063 804 5118 blatta
819 5063 902 5143 luisse
911 5060 1044 5117 sacerdoti
1057 5059 1123 5119 aab·

335 5175 454 5236 reptant,
467 5175 499 5215 ac
513 5158 585 5214 itttnr
599 5155 659 5210 loeo
672 5168 780 5209 certain
794 5152 971 5224 suppositam.
1041 5158 1047 5169 ·

368 5255 454 5313 Graio·
467 5246 554 5322 clare]
567 5244 721 5303 Graecorum
735 5243 858 5301 naribos.

370 5340 494 5415 Redemit]
509 5340 589 5395 Emit.

372 5435 476 5508 Vettios]
493 5430 609 5490 Subattdi
623 5442 767 5501 prismei.

368 5524 474 5599 eruore]
487 5523 623 5595 Sanguine
636 5516 698 5579 tlte
711 5534 767 5579 strat

342 5606 348 5619 ’
369 5616 460 5689 Exuit}
476 5614 612 5685 beporuie

368 5703 484 5777 Puram]
501 5706 641 5761 Paternum
654 5703 791 5775 pietatem.
809 5701 855 5759 Sic
871 5701 960 5758 Naso·

426 5797 556 5857 Postquam
567 5796 686 5857 pietatem
696 5792 792 5856 publica
799 5806 871 5843 caasa

1178 2182 1266 2248 dixit,
1282 2182 1406 2253 duosque
1420 2199 1455 2240 er
1470 2186 1613 2242 comitibus
1627 2186 1731 2258 utpote
1743 2189 1974 2258 ammomum.

1177 2273 1231 2328 rita
1250 2272 1308 2328 lore
1321 2277 1474 2332 iterandae
1485 2275 1643 2345 devorarit,
1658 2279 1824 2349 totidemque
1839 2282 1975 2349 parom

1177 2363 1325 2433 absormsit
1348 2358 1433 2434 prima
1455 2366 1536 2422 luce:
1559 2368 1629 2424 idem
1651 2370 1730 2425 etiam
1757 2373 1867 2441 superi
1893 2373 1973 2430 iecit.

1177 2453 1357 2520 Ouarnobrem
1372 2454 1482 2526 Ulysses
1496 2457 1547 2513 sibi
1562 2460 1614 2530 iam
1625 2469 1656 2516 et
1669 2461 1778 2531 religtds
1792 2465 1911 2531 timens,
1923 2481 1973 2520 ca·

1178 2547 1240 2599 dum
1264 2547 1358 2617 optimi
1383 2548 1456 2618 tini,
1479 2549 1550 2619 quod
1572 2565 1664 2606 secum
1685 2553 1783 2609 tulerat
1802 2553 1974 2626 Palpebrae

1056 2662 1064 2678 ο
1177 2635 1292 2702 obtulit,
1307 2630 1384 2692 et'ut
1403 2638 1454 2693 sibi
1469 2640 1619 2699 aocaeteris
1641 2655 1779 2710 barcaei,
1802 2646 1972 2703 absumsit.

1177 2727 1254 2794 Quod
1267 2725 1382 2799 Cyclops
1402 2746 1432 2786 se
1451 2731 1583 2788 iacturum
1597 2736 1737 2806 promisit,
1758 2737 1781 2790 si
1803 2751 1898 2792 rursus
1915 2739 1972 2795 sibi

1177 2817 1268 2873 siurim
1290 2818 1411 2876 oberret.
1434 2824 1641 2894 tibiatoitauae
1661 2828 1740 2882 tercio
1760 2829 1852 2897 poculo
1870 2839 1972 2885 mente

1178 2910 1327 2979 alienatus,
1348 2913 1375 2968 in
1396 2916 1486 2987 ntcdio
1508 2926 1586 2973 antro
1611 2919 1726 2975 immane
1746 2934 1844 2990 corpus
1863 2919 1971 2976 dormi·

1179 3014 1254 3073 turus
1273 3007 1406 3062 ostendit.
1429 3007 1503 3064 lione
1522 3009 1603 3080 igitur
1618 3010 1729 3082 Ulysses
1742 3014 1803 3067 rino
1818 3027 1970 3080 somnoque

1178 3096 1311 3167 sepultum
1330 3097 1565 3169 animaduertere,
1590 3102 1711 3157 immiso
1731 3103 1758 3158 ln
1783 3105 1897 3159 oculum
1912 3105 1970 3159 trio

1141 3201 1165 3266 c
1180 3189 1333 3244 escensio
1348 3189 1401 3245 Sed
1415 3206 1448 3245 er
1463 3206 1562 3261 urgeris
1574 3194 1678 3249 tarrdeua
1690 3192 1822 3266 Cyclops,
1832 3209 1894 3250 com
1907 3208 1969 3264 ape

1179 3280 1311 3335 rireantri
1322 3282 1420 3335 ostium
1434 3282 1558 3351 gregibus
1570 3295 1723 3352 cogeretur,
1735 3285 1880 3340 imnnnent
1892 3289 1969 3341 eriri·

1176 3374 1211 3429 de
1226 3372 1339 3442 lapidem
1360 3375 1479 3439 amovit,
1501 3385 1684 3429 verumtamen
1702 3386 1832 3430 usitatas
1851 3375 1967 3446 modes

1177 3462 1300 3519 manibus
1313 3463 1447 3534 palpabat.
1460 3463 1535 3531 Quod
1548 3478 1609 3519 cunr
1624 3464 1735 3537 tttpsser
1747 3480 1810 3521 enm
1823 3466 1968 3524 mutator

1176 3554 1425 3621 anitnadrertissct,
1438 3554 1523 3611 induti
1535 3555 1664 3624 pecudum
1677 3546 1769 3624 pelles,
1781 3555 1898 3626 Cyclops
1911 3570 1968 3611 ιιι-

1176 3659 1226 3699 nus
1240 3643 1367 3716 effugere.
1382 3645 1453 3714 iege
1462 3645 1606 3702 lioinerum
1618 3645 1687 3702 libro
1695 3645 1825 3719 Odysseae
1837 3662 1921 3703 nano.

1213 3754 1362 3828 Herculem]
1377 3757 1506 3813 liercuies
1519 3758 1593 3814 loris
1611 3766 1640 3814 ct
1654 3760 1788 3815 Alcmenae
1807 3759 1877 3814 illins
1895 3758 1966 3826 tuit,

1176 3849 1221 3921 rpri
1236 3850 1333 3905 robore
1355 3865 1387 3905 ae
1410 3850 1566 3906 tortitudine
1586 3850 1693 3920 steteris
1713 3851 1865 3905 bominibus
1884 3860 1966 3923 sopra

1175 3958 1255 4013 quarn
1268 3942 1394 3998 credibile
1404 3951 1462 4006 est,
1475 3939 1608 4010 prnsitit.
1627 3942 1711 4010 liujus
1724 3943 1803 3996 uariae
1822 3956 1865 3997 res
1882 3951 1965 4012 gesta

1177 4032 1318 4088 traduntur
1330 4047 1345 4088 a
1361 4032 1476 4090 Diodoro
1490 4032 1591 4100 Siculo,
1605 4034 1711 4100 tiridto,
1723 4033 1827 4090 Seneca
1839 4033 1964 4104 Tragion,

1175 4124 1286 4181 tttcntao
1303 4128 1409 4181 Porotta
1423 4128 1449 4182 itt
1463 4127 1656 4197 Gornttcopiat,
1672 4139 1698 4184 ct
1711 4129 1829 4184 caeteris.

1193 4216 1278 4271 'litari
1292 4216 1401 4288 blorer]
1416 4217 1540 4273 llercoiei
1556 4219 1661 4274 labores
1675 4217 1878 4289 proverbialiter
1889 4217 1965 4273 eele-

1176 4308 1297 4374 brantur,
1312 4308 1347 4364 do
1360 4324 1414 4379 quo
1427 4320 1518 4365 troster
1533 4309 1659 4365 Erannos
1673 4307 1778 4365 abunde
1801 4309 1963 4380 idagiornra
2014 4358 2025 4371 ,

1175 4399 1291 4455 obiliade
1305 4401 1402 4465 tertia,
1418 4401 1561 4469 proverbio
1575 4401 1672 4469 primo.

1212 4494 1362 4567 Cerrtauror]
1383 4495 1415 4550 lli
1432 4494 1541 4549 luerunt
1554 4494 1675 4551 Tiressali
1689 4508 1720 4551 et
1736 4494 1866 4559 anteriori
1888 4505 1965 4565 parta

1174 4680 1217 4736 leo
1230 4688 1319 4734 monte
1332 4677 1484 4746 depellere,
1499 4677 1546 4730 aed
1561 4677 1619 4747 ipse
1634 4675 1706 4745 prior
1720 4674 1845 4745 irrjnstum
1859 4673 1965 4730 betium

1175 4770 1282 4826 nolebat
1305 4767 1416 4824 interro.
1445 4765 1555 4823 Curatis
1575 4765 1656 4837 igitur
1678 4781 1694 4822 a
1716 4765 1798 4820 l‘bolo
1817 4778 1965 4836 susceptos

1175 4863 1302 4933 bospitio,
1319 4873 1347 4919 ut
1367 4863 1583 4931 prestantissimi
1603 4862 1657 4918 uini
1678 4862 1963 4932 caduapromeretur.

1174 4954 1263 5011 Odore
1284 4952 1359 5008 trac'ti
1378 4952 1526 5018 Cerrtaurt,
1547 4953 1638 5007 uinum
1662 4967 1757 5022 rapere
1779 4960 1962 5008 tentaverunt.

1173 5047 1304 5102 llercutes
1316 5044 1485 5100 occasionem
1501 5053 1612 5109 nactus,
1632 5057 1728 5101 omues
1742 5052 1789 5099 aut
1803 5042 1961 5107 interemit,

1172 5146 1218 5192 aut
1232 5134 1415 5205 lude'lngarit.

1208 5224 1340 5298 Spatium]
1355 5225 1474 5292 Pellem,
1488 5240 1539 5298 qua
1555 5240 1604 5296 pro
1617 5234 1694 5283 scuto
1706 5239 1772 5281 usos
1786 5232 1841 5305 cst:

1208 5315 1300 5388 Leoni]
1314 5316 1410 5371 Vastus
1425 5315 1468 5372 bio
1483 5325 1513 5373 at
1528 5318 1653 5373 immanis
1670 5315 1711 5373 leo
1723 5315 1794 5377 tuit.
1810 5325 1839 5373 et
1854 5312 1899 5385 oui
1915 5327 1961 5367 ar·
2053 5344 2054 5385 p

1172 5407 1224 5464 mis
1234 5405 1335 5462 domari
1347 5421 1400 5462 non
1415 5415 1527 5476 poterat.
1539 5407 1667 5463 Hercules
1675 5406 1820 5463 ameriam
1829 5405 1960 5475 spetuna

1172 5497 1264 5561 adito,
1284 5498 1466 5566 egredientem
1485 5494 1707 5568 comprehendit,
1727 5506 1756 5553 et
1773 5491 1959 5566 strangulavit.
2052 5496 2053 5561 t

1208 5589 1433 5670 rrertrejectr.

1208 5680 1300 5752 Certis]
1315 5679 1524 5736 inevitabilibus.

1215 5773 1345 5842 lelarrrrl
1358 5772 1568 5844 surnptmtter.
1580 5770 1744 5829 Claudianus
1754 5785 1764 5828 t
