4274 6254
257 382 309 439 sue
862 378 916 439 su.
938 380 1042 439 nunu.
1060 374 1137 436 scr.
1158 372 1271 463 bocru

362 494 449 568 Mores
463 495 541 562 sotio,
554 500 697 565 uncaque
710 492 813 550 calcarit
1057 496 1084 557 Α
1200 488 1296 561 Operis
1306 484 1373 544 tund
1386 498 1447 556 pars
1461 500 1513 541 non
1529 482 1587 541 ritis

361 586 459 657 trrjusts
472 585 529 641 ricc
541 586 609 641 colla
624 593 762 643 nocentes.
1149 581 1185 640 ib
1204 579 1342 650 Hominem
1357 576 1491 649 quatimur
1505 575 1619 634 tortunae
1632 578 1698 635 sato

361 678 439 734 Latet
451 677 571 735 obscuris
580 677 687 735 condita
699 679 783 737 rirtns
1200 671 1327 743 Rapidos,
1343 681 1442 740 rector,
1455 673 1603 742 comprime
1618 670 1725 745 ductus,

309 766 344 824 55
361 766 438 823 Clara
450 768 576 835 tenebris,
589 767 728 840 justusque
742 770 800 825 tulit
1200 766 1244 833 Et,
1259 780 1313 838 aruo
1325 764 1422 821 coetum
1436 764 1506 835 repis
1521 765 1692 834 immensum,

467 855 572 913 Crimen
586 857 680 929 iniqui.
1199 860 1287 916 Firma
1306 857 1414 915 stabiles
1425 857 1527 914 ledere
1540 867 1634 916 terras.

362 947 405 1005 itit
420 949 546 1019 periuria,
558 951 594 1005 nil
610 960 688 1007 nocet
701 950 764 1021 ipsis
1372 971 1425 1043 71
1444 970 1554 1029 Pilosa
1573 971 1606 1029 t.

362 1039 455 1105 mma
470 1040 589 1095 menda&
602 1049 706 1110 “⁰¹⁰9‘'
721 1041 822 1097 ⁰⁰¹⁰¹⁰·
1093 1066 1290 1123 morareris.
1304 1093 1339 1105 -
1358 1063 1529 1131 Philosophia
1542 1080 1601 1119 cum
1613 1063 1702 1121 Boetia
1719 1068 1814 1135 partim
1826 1071 1882 1126 dis·

361 1129 416 1201 70
429 1129 481 1186 Sed
495 1146 556 1186 cum
572 1132 648 1187 libuit
661 1133 762 1189 uiribus
775 1133 825 1202 uti,
1128 1137 1248 1202 scuticam,
1263 1135 1421 1192 eumaeus
1437 1136 1541 1201 partim.
1555 1134 1625 1190 tunc
1638 1137 1733 1208 creuit,
1743 1141 1812 1209 paud
1821 1152 1845 1195 ct
1855 1158 1882 1197 se

310 1220 346 1279 ⁴0
363 1221 436 1290 Quos
448 1222 579 1278 innumeri
594 1232 713 1279 metuunt
726 1224 828 1295 populi,
1128 1208 1240 1262 mmm
1259 1207 1369 1271 dium,
1385 1215 1409 1260 ei
1429 1205 1560 1274 [militam
1574 1210 1706 1262 ad'mtdm
1725 1208 1802 1276 suerii
1820 1228 1882 1265 0011·
1898 1212 1902 1221 ι

361 1314 486 1372 Summos
500 1314 615 1386 gaudem
626 1314 743 1372 subdere
756 1329 844 1388 rega·
1128 1288 1253 1347 emtus:
1267 1277 1354 1333 laudat
1367 1291 1435 1341 rua.
1452 1274 1520 1359 quod
1542 1287 1571 1331 ut
1585 1273 1683 1333 iocatur
1700 1287 1750 1347 cst,
1766 1282 1803 1335 sia
1822 1284 1882 1337 tenc

394 1407 400 1420 ,
489 1408 495 1420 ,
1129 1349 1224 1420 eperit,
1238 1347 1377 1403 remedium
1387 1346 1489 1403 interam
1500 1345 1535 1401 ort
1547 1348 1745 1419 perturbationes
1755 1351 1881 1410 sedandas

360 1407 445 1477 01am
460 1423 572 1464 miseras
584 1409 687 1479 respice
698 1418 796 1478 maras,
1128 1418 1275 1490 euentura.

360 1498 485 1572 Quisquis
497 1515 587 1560 rerum
599 1500 700 1558 toedera
714 1501 815 1559 nectis.'
1129 1508 1193 1567 ilaec
1204 1510 1249 1567 ubi
1264 1511 1421 1568 continuato
1434 1507 1528 1566 dolore
1542 1510 1551 1542 ¹
1568 1517 1582 1546 ⁶
1596 1508 1770 1579 deblaterat,
1785 1513 1796 1545 ¹
1809 1511 1880 1569 illst

920 1617 1207 1684 manuductum.

254 1730 420 1814 nocantotpris
431 1730 605 1814 nocentibus3
621 1730 692 1814 trous
701 1729 978 1813 urtamspcsiasaltaci
988 1748 1040 1788 nou
1093 1741 1393 1809 clamorostatortuuoe
1407 1747 1570 1804 recuperor,
1586 1731 1740 1802 moderator,
1755 1737 1880 1808 procella

254 1809 326 1855 noccl
341 1801 444 1858 iisdem.
460 1803 545 1857 Aluit
559 1803 652 1870 ptucutt
666 1817 738 1882 ipsus,
750 1802 966 1869 causationibus,
985 1813 1039 1859 turn
1093 1808 1217 1864 maternas
1231 1809 1356 1871 fortune.
1370 1815 1393 1861 at
1408 1822 1459 1874 oua
1473 1806 1528 1877 ispe
1540 1803 1666 1876 orionas
1678 1805 1767 1877 inpane
1779 1809 1878 1878 carium,

253 1871 363 1954 patiant
385 1873 509 1957 subjicere
529 1872 729 1997 “mpiii'e'fi'p'm
743 1885 1040 2000 maggssaaersozgrnffl
1092 1878 1324 2007 ffliewni'm
1336 1876 1558 1959 firmatas'terras.

253 1944 670 2082 iiiifflmiuuwuurn
684 1959 766 2068 tiriacus
786 2014 958 2071 amamilosas.
975 1962 1039 2072 citos
1127 1959 1353 2093 bbibi‘sofflf‘
1366 1963 1434 2004 mm·

253 2082 377 2154 tumim,
391 2084 475 2156 portio
490 2100 541 2140 nors
552 2082 651 2157 adjecta
665 2082 748 2155 operis
762 2084 800 2140 tui
820 2093 872 2140 tam
884 2086 982 2158 mopsi,
990 2088 1037 2159 ja·
1052 2083 1079 2147 B

1003 2204 1119 2265 notAE.

287 2321 331 2379 52.
348 2321 493 2395 Sanctaque
505 2324 596 2399 cotta]
606 2322 734 2383 Similiter
745 2322 857 2393 parslric
868 2323 976 2393 ponitur
985 2338 1035 2395 pro
1097 2324 1198 2397 populi,
1222 2339 1335 2381 summas
1352 2323 1462 2393 caudent
1474 2321 1581 2380 ntae«
1595 2337 1623 2378 re
1639 2338 1694 2389 es:
1707 2320 1880 2392 quamobrem

254 2393 592 2465 rotozsiquidemssnctns
606 2393 1042 2467 potinsbomincsquamitlorum
1094 2411 1181 2468 neone
1191 2397 1218 2452 id
1230 2397 1332 2452 crimen
1346 2394 1504 2463 impunitum
1516 2393 1620 2450 essede
1672 2403 1780 2450 tzcum
1790 2403 1879 2453 tamen

253 2463 321 2519 cotta
335 2464 439 2520 calcant
458 2478 595 2524 nocentes.
616 2465 670 2522 Sed
682 2476 710 2520 ut
730 2465 863 2534 posterior
876 2464 930 2528 tric,
945 2463 985 2521 cie
998 2466 1043 2522 illc
1093 2467 1229 2537 praedictis
1241 2464 1397 2523 nocentibus
1410 2465 1477 2521 nituit
1485 2466 1605 2521 rideatur
1617 2481 1714 2519 noem.

252 2536 326 2605 prior
339 2536 463 2607 loquendi
477 2539 573 2595 modus
588 2535 674 2608 poetis
685 2536 835 2606 pracsertim
848 2535 1039 2594 astutissimus
1127 2537 1171 2594 td.
1186 2538 1208 2594 0
1217 2538 1276 2621 ¹iarn
1290 2537 1396 2592 arueras
1407 2537 1505 2604 respice
1518 2534 1622 2608 armac]
1637 2534 1678 2591 sd
1695 2533 1789 2602 Deum,
1801 2552 1816 2592 a
1826 2551 1880 2606 ono

252 2616 301 2661 cst.
950 2634 953 2640 <
1092 2616 1374 2680 carmenrncoeperst.
1388 2608 1529 2663 reuertitur
1539 2615 1627 2678 poeta,
1642 2605 1781 2677 ipsumque
1792 2622 1822 2662 ro
1839 2617 1878 2674 at,

287 2676 332 2732 at.
347 2674 451 2748 Iniusta
473 2677 548 2752 uisa]
561 2677 637 2747 Quod
652 2677 779 2747 iniustum
799 2677 923 2733 rideatur
939 2680 1037 2747 probos
1092 2692 1122 2735 ιιι
1135 2680 1240 2735 numus
1253 2679 1372 2749 respiciat
1384 2687 1475 2746 lmus,
1491 2678 1691 2748 quasuimirum
1703 2623 1880 2735 incolumita-

253 2746 286 2803 ab
304 2747 433 2816 improbis
448 2753 532 2821 prerni
550 2768 557 2806 ι
574 2750 659 2806 ricem
674 2750 745 2804 enim
763 2750 875 2804 dicimus
897 2748 968 2818 quod
993 2750 1035 2805 al·
1091 2751 1188 2815 mines,
1203 2750 1309 2820 tudima
1324 2749 1449 2805 terentes.

253 2818 337 2873 terma
351 2818 462 2877 tacimus
475 2823 623 2892 palinurus
639 2836 646 2872 :
663 2819 725 2874 binc
739 2820 859 2886 uicissim,
874 2827 902 2874 et
914 2819 1036 2876 sicanus.
1126 2820 1172 2876 td.
1184 2820 1396 2890 Quaerisrcrurn
1405 2819 1501 2889 [edua
1511 2816 1613 2891 merliu]
1625 2817 1768 2891 Praedictas
1778 2819 1879 2877 scilicet

287 2888 331 2944 bi.
348 2887 420 2945 liutet
433 2892 545 2950 obsecuta
558 2891 660 2946 condita
670 2889 749 2945 uirtru
763 2892 834 2945 stara
847 2888 978 2961 cerebrm]
991 2890 1039 2946 Pa·
1090 2905 1230 2947 cunarum
1245 2890 1457 2961 effectorumoue
1470 2890 1632 2945 naturalium
1651 2889 1860 2946 vicissitudines.

252 2958 385 3014 radosum
400 2962 507 3019 ridetur
521 2965 637 3018 uirtutem
659 2960 756 3016 riarum
776 2961 889 3015 rimaris
907 2963 1038 3016 conditam
1126 2962 1172 3017 dia
1185 2960 1277 3032 Operis
1288 2963 1351 3016 tanti
1365 2978 1425 3032 pars
1436 2977 1487 3016 nau
1501 2960 1557 3016 uitis
1570 2957 1708 3033 trusum]
1721 2958 1807 3016 iiomo
1820 2962 1879 3029 oui-

252 3029 357 3085 lrnebris
372 3032 694 3089 lateresbcectamenes
714 3032 1036 3100 eopossnnsconcttlurt,
1091 3030 1152 3088 dem
1173 3041 1289 3102 pausem
1309 3047 1427 3088 reruma
1451 3032 1505 3087 Deo
1526 3029 1704 3097 conditarum,
1733 3032 1756 3086 si
1771 3030 1879 3102 quidem

252 3100 320 3170 pund
342 3102 426 3159 virtus
441 3104 553 3162 obscura
568 3104 603 3160 sit
616 3103 676 3158 aliis
696 3100 865 3163 bominibus:
880 3102 951 3157 clara
973 3119 1037 3160 nero
1091 3118 1179 3175 nequo
1201 3104 1386 3174 semetipso,
1403 3117 1490 3173 neone
1509 3116 1523 3156 a
1539 3100 1624 3159 nihilo
1639 3101 1696 3157 ticri
1710 3102 1796 3170 potuit
1812 3102 1879 3158 :sed

252 3185 311 3225 cum
326 3175 409 3229 menti
425 3176 541 3247 ejusqui
555 3176 680 3231 uirtutem
695 3172 767 3234 cuttu.
783 3183 838 3228 tum
854 3174 910 3229 beo
920 3174 965 3241 oui
981 3174 1039 3229 uir·
1091 3172 1162 3230 idem
1174 3175 1255 3229 bomo
1269 3188 1330 3245 pars
1340 3173 1520 3238 estuouuilts,
1532 3172 1603 3244 qood
1615 3187 1647 3229 es
1657 3172 1764 3228 etiamn
1782 3172 1879 3243 quibas

253 3249 335 3297 trrlem
352 3244 401 3313 ipsi
422 3247 506 3302 menti
528 3245 633 3302 intudit.
648 3245 695 3301 Sic
712 3244 803 3312 uirtus,
816 3245 853 3299 ait
868 3244 972 3299 Tullius
990 3259 1039 3314 pto
1091 3246 1200 3315 cepturi
1216 3260 1269 3300 non
1284 3253 1381 3314 potest,
1395 3246 1453 3314 ipsc
1465 3245 1573 3313 cogitet.

252 3310 332 3376 Scit..
344 3315 371 3368 in
384 3323 530 3387 tempestate
550 3318 693 3388 quietam,
709 3324 733 3369 ct
755 3316 820 3370 lucet
835 3315 863 3368 in
878 3314 995 3382 tenebris,
1015 3326 1039 3371 ct
1109 3315 1441 3386 tuburbinatorum
1450 3311 1528 3385 sato.]
1539 3314 1574 3370 Ut
1636 3313 1671 3369 tis
1680 3311 1719 3369 sic
1729 3312 1879 3370 oratoribus

252 3383 328 3451 palso
338 3384 394 3439 tom
409 3398 493 3441 manet
508 3397 676 3456 romanasque
688 3386 765 3440 taret
776 3386 802 3438 in
813 3387 897 3454 putria
911 3385 1040 3455 splendet-
1091 3384 1177 3440 saturn
1197 3395 1239 3442 est
1253 3401 1341 3453 marc,
1358 3384 1429 3456 qood
1443 3384 1567 3440 nimirum
1596 3399 1613 3439 n
1634 3384 1700 3439 mari
1724 3384 1823 3440 multus
1843 3387 1879 3440 sit

253 3469 419 3577 ¹ruc‘peraesc
431 3473 541 3528 semper,
555 3473 600 3512 ure
611 3455 702 3511 aliems
713 3470 826 3527 uuquam
838 3456 955 3511 sortitus
969 3457 1039 3512 abso·
1090 3455 1156 3514 satis
1168 3470 1267 3581 sapdrrrj
1281 3456 1347 3582 triga
1368 3456 1466 3583 sgtacia
1487 3464 1513 3511 et
1527 3455 1620 3579 umgtia
1634 3453 1704 3524 apud
1719 3464 1812 3537 poetas
1825 3454 1879 3511 usi·

260 3531 331 3650 agg.
344 3592 483 3666 Iustusque
501 3598 559 3653 tulit
574 3597 669 3652 emmau
683 3593 786 3679 inieci]
799 3594 907 3653 Crimen
921 3597 965 3654 bic
983 3562 1075 3668 aron(²
1091 3532 1306 3668 mar-’aqum
1317 3541 1411 3652 iiiut:
1425 3533 1880 3679 (etiemdtiiitmgcrioliieitiittiii'icoiii

252 3664 765 3806 {titillabittntilli·
775 3668 1039 3807 titillantia
1089 3665 1746 3795 idota{bittittitubabunt
1759 3665 1880 3807 :illan

252 3805 338 3863 bonos
364 3808 499 3865 uirtutem.
523 3778 687 3866 stiantius
714 3808 739 3863 iu
760 3805 870 3864 Verrem
885 3810 923 3865 ait
937 3780 1039 3865 taudem
1090 3809 1172 3865 maris
1185 3808 1286 3865 abatto
1300 3809 1359 3864 sato
1370 3779 1403 3864 ad
1420 3810 1494 3864 littus
1507 3807 1648 3863 uenientis.
1670 3805 1729 3862 Non
1743 3808 1879 3865 immerito

252 3878 440 3946 imperatoriam
453 3880 601 3935 criminibus
613 3879 728 3935 auaritiae
738 3878 827 3934 obteri.
844 3877 973 3935 Nimirum
985 3882 1038 3936 cri·
1089 3893 1180 3935 aulem
1191 3879 1290 3936 dicitur
1305 3878 1416 3951 tutuno
1432 3883 1515 3935 saturn
1526 3888 1586 3934 cum
1595 3879 1630 3934 ab
1639 3877 1699 3934 aliis
1713 3877 1878 3945 auctoribus,

252 3962 313 4002 men
338 3951 485 4019 generatim
505 3951 625 4006 idemne
646 3959 697 4015 est.
715 3964 769 4016 ono
783 3948 909 4019 aliquisa
931 3953 1037 4007 ceteris
1090 3951 1159 4019 quod
1180 3950 1249 4007 sicut
1266 3965 1282 4005 a
1301 3950 1367 4006 mari
1382 3950 1422 4007 sic
1436 3966 1450 4003 a
1466 3948 1571 4005 turtum
1586 3950 1662 4021 ptura
1683 3957 1746 4005 sunt
1764 3949 1833 4005 bona
1851 3960 1879 4004 et

252 4017 420 4087 distinguitur
430 4034 620 4090 separaturre:
630 4019 856 4076 undedtscrinrau.
867 4017 933 4075 Corn
944 4035 1035 4095 aptam
1090 4021 1170 4085 mata,
1186 4020 1234 4077 sed
1245 4021 1506 4076 inconstantissimo:
1522 4029 1578 4075 turn
1593 4019 1739 4088 prasertim
1757 4028 1880 4076 anostro

252 4086 358 4145 iniamia
379 4089 436 4146 lraec
456 4092 638 4160 improborum
652 4105 715 4146 esse
729 4090 851 4157 deberet,
869 4091 926 4147 lraec
941 4093 1038 4162 probo·
1089 4106 1216 4156 auctore,
1234 4092 1306 4162 quod
1317 4094 1361 4147 tric
1374 4105 1481 4147 amarus
1489 4091 1641 4161 experiatur
1653 4090 1765 4145 torturae
1774 4103 1866 4145 casus.

252 4175 311 4214 rum
327 4173 398 4227 ruune
421 4177 482 4218 essa
504 4162 611 4227 dicitnr,
638 4161 797 4231 additurque
820 4160 915 4217 modos
940 4163 1038 4232 ouibus
1124 4163 1169 4218 td.
1186 4163 1412 4234 tlnpirtaureetor,
1425 4162 1563 4232 comprime
1572 4158 1691 4232 [luctum]
1702 4160 1776 4215 idest
1787 4156 1879 4214 vintru

251 4240 379 4311 nocentes
397 4242 510 4289 ceteros
533 4232 656 4316 affligere.
671 4232 780 4316 sotcrrt,
805 4231 930 4315 uidelicet
949 4237 1036 4307 perju-
1090 4242 1129 4289 tos
1148 4242 1232 4289 motus
1246 4235 1369 4296 torturam.
1382 4247 1442 4315 onae
1453 4241 1497 4303 est
1509 4233 1589 4287 rctnli
1603 4233 1724 4285 insanum
1740 4245 1834 4313 mare..

252 4317 329 4429 ”tt
343 4303 1039 4446 illitt.tli’l·tltttittitillantia:
1091 4298 1878 4444 ,attitulatiittititnttti‘tttituit

252 4457 321 4514 rare,
335 4455 380 4501 ant
392 4445 463 4515 nuod
478 4461 509 4501 cs
525 4446 607 4501 animi
629 4446 760 4500 sententia
782 4443 926 4514 juraveris,
942 4446 967 4501 id
984 4462 1036 4502 non
1090 4445 1180 4500 sedin
1203 4447 1311 4507 rationis
1330 4444 1456 4513 operibus
1480 4445 1542 4507 turis,
1566 4457 1622 4498 suae
1641 4442 1697 4498 suis
1715 4443 1878 4522 respondent

252 4512 339 4571 tacere
351 4531 358 4569 ι
372 4516 434 4572 binc
448 4517 474 4571 in
491 4516 620 4588 perjurio,
640 4527 750 4571 auctore
760 4514 858 4579 Tullio,
876 4516 943 4572 indes
953 4517 1040 4585 iusiu-
1091 4516 1193 4570 vicibus
1206 4518 1289 4580 uices,
1301 4516 1339 4571 sic
1348 4514 1418 4584 apud
1432 4515 1565 4581 nomines,
1575 4525 1602 4569 ct
1613 4511 1755 4569 virtutibus
1766 4524 1876 4582 prumn

252 4584 416 4658 raudumrpoe
431 4587 591 4656 negligitur:
603 4587 666 4642 binc
679 4601 727 4641 sua
741 4595 793 4651 est,
805 4587 900 4641 eodem
917 4597 1038 4654 auclore,
1091 4595 1119 4641 et
1131 4586 1204 4641 ritiis
1218 4585 1348 4657 supplicia
1365 4584 1519 4641 reddantur.

253 4670 270 4708 n
283 4656 317 4711 dc
336 4655 412 4728 Lag..
429 4659 547 4730 perjurio
561 4672 650 4727 poena,
665 4657 752 4712 diuina
767 4657 885 4725 uiridem,
901 4658 1013 4713 esitium
1029 4673 1038 4723 3
1127 4657 1136 4689 ¹
1151 4654 1338 4739 occluserunt}
1351 4656 1400 4711 ulit
1414 4655 1505 4726 tegunt
1516 4655 1651 4721 deterreri,
1666 4655 1723 4708 sire
1743 4652 1877 4717 dilamari:

253 4725 366 4783 trurnana
389 4745 463 4794 uero.
485 4729 612 4785 dedecus.
637 4726 800 4784 Nocentibus
825 4738 926 4793 tamen,
953 4731 1040 4799 innuit
1091 4728 1138 4783 scd
1159 4743 1210 4782 ros
1229 4743 1281 4798 qua
1302 4737 1402 4782 utrrnur
1423 4739 1475 4780 tarn
1495 4736 1556 4851 agla
1570 4735 1612 4781 est
1631 4723 1664 4779 ad
1677 4723 1878 4793 significandam

154 4842 158 4849 .
252 4796 370 4865 Boetius,
385 4799 523 4855 nitnocrrrt
536 4801 669 4872 periuria:
684 4796 848 4870 usqueadeo
862 4800 1041 4871 injuslesont
1091 4813 1150 4854 cam
1169 4813 1249 4867 quarn
1265 4813 1335 4853 nunc
1360 4796 1467 4852 Boetius
1484 4796 1515 4851 ba
1538 4806 1563 4851 ct
1583 4798 1617 4852 dc
1632 4794 1766 4865 praedictis
1778 4792 1879 4864 copita-

252 4868 325 4924 rices.
1093 4870 1203 4928 tionem.
1217 4878 1323 4941 umque
1333 4868 1411 4924 tacito
1421 4868 1506 4938 potuit
1516 4879 1625 4937 propter
1634 4865 1749 4922 similem
1762 4880 1878 4932 proruun-

286 4940 331 4993 ct.
349 4939 394 4993 nn
406 4951 477 4996 nora
487 4941 549 5009 ipsis
564 4939 701 5026 [rassin.
714 4939 908 4996 Fransdicitur
920 4940 1039 4997 adulatio
1054 4906 1227 4995 Dtisrtmcnr
1241 4942 1267 4993 in
1283 4943 1401 5011 uolgatus
1415 4952 1495 4993 uoces
1510 4936 1616 5002 mutari,
1632 4946 1660 4990 ut
1671 4937 1712 5018 trus
1727 4937 1799 5019 ittarta
1810 4935 1879 5019 obli·

253 5007 343 5064 dolosa
359 5029 365 5063 :
382 5022 521 5080 propterea
533 5029 601 5068 rrunc
611 5013 709 5068 dicitur·
721 5012 839 5066 meudun
851 5027 905 5065 coru
927 5026 952 5065 aa
966 5013 1039 5066 anto·
1091 5019 1193 5065 terasso
1204 5010 1354 5073 rideantur.
1370 5009 1439 5076 ouod
1450 5008 1597 5064 attendenti
1612 5007 1723 5074 patebit.
1748 5004 1878 5061 Nummum

252 5095 289 5134 re.
304 5079 413 5136 Scilicet
427 5083 691 5150 tromo,vnlpccntam
707 5083 833 5147 imitatus,
846 5030 924 5150 quoti
933 5082 956 5135 ui
968 5083 1038 5136 obli·
1089 5082 1256 5145 dettalcrure.
1273 5081 1359 5152 inquil
1373 5078 1478 5145 Festus,
1492 5088 1528 5135 ast
1543 5076 1620 5133 stulte
1632 5077 1716 5147 toqui,
1742 5091 1803 5131 narn
1818 5076 1879 5149 βλὰ·

253 5165 317 5205 nere
338 5151 439 5220 incenit,
456 5154 482 5206 id
509 5155 681 5209 mendacibus
700 5152 776 5208 iactis
795 5152 908 5206 dictisve
931 5153 1038 5221 assequi
1090 5173 1137 5213 κας
1156 5153 1253 5208 stultns
1270 5162 1366 5206 vireant
1380 5149 1488 5205 Gracci:
1509 5150 1570 5204 binc
1586 5148 1737 5203 blateroucs
1751 5157 1815 5203 sunt
1833 5146 1879 5199 tta·

253 5232 381 5278 coriatus:
398 5223 478 5287 (ruod.
491 5223 649 5292 inqrriebant
660 5232 774 5286 veteres,
787 5222 850 5276 odio
863 5221 971 5292 dignum
983 5238 1039 5277 rna·
1089 5225 1169 5275 mines
1190 5222 1217 5275 iu
1240 5224 1313 5275 ceria
1333 5221 1454 5293 projecti,
1480 5219 1565 5287 inquit
1584 5217 1702 5286 Arellius
1719 5218 1775 5284 tr,
1791 5232 1816 5272 c.
1833 5216 1878 5283 la,

253 5292 311 5361 jorc
326 5312 332 5348 :
345 5293 465 5362 adeoque
485 5309 535 5348 suo
549 5295 718 5349 atdciendum
740 5294 888 5363 supplic-o:
904 5293 1039 5348 nitntnrni·
1089 5291 1228 5361 importuni
1247 5294 1388 5355 locutores,
1408 5293 1451 5360 qui
1473 5291 1544 5345 truita
1565 5305 1650 5344 rarum
1669 5291 1780 5360 porrum
1797 5287 1879 5341 iuriisi

253 5379 313 5429 rius,
325 5370 360 5419 sit
373 5364 491 5430 boetius,
503 5364 570 5420 ordo
581 5381 669 5420 rerum
682 5364 716 5418 ita
726 5373 905 5432 praeposterus
917 5364 1035 5431 ridetur,
1088 5363 1168 5417 uerbis
1178 5360 1291 5415 tumidis
1303 5371 1326 5416 rt
1337 5363 1494 5432 lapsantibus
1505 5360 1631 5433 diffluunt.
1645 5358 1773 5414 Normani
1782 5367 1879 5413 vocans
1891 5360 1895 5368 '

254 5446 282 5490 ut
292 5437 356 5505 ipsis
369 5435 544 5491 trumnlrnrts
568 5452 629 5489 rans
643 5435 680 5489 nit
693 5443 790 5488 noceat.
1091 5432 1216 5499 bauards3
1228 5446 1278 5486 noc
1297 5432 1333 5486 ita
1348 5432 1437 5501 inepte
1451 5450 1457 5486 :
1473 5432 1519 5500 qui
1533 5433 1604 5487 cuim
1619 5430 1769 5499 praecipites
1782 5426 1822 5483 sic
1841 5434 1889 5481 to··

287 5506 333 5562 59.
350 5503 412 5561 Cum
426 5507 500 5561 tibuit
512 5507 607 5561 cirrbus
622 5503 682 5577 uti]
700 5504 743 5560 nl.
761 5504 816 5567 lis.
839 5504 924 5574 inquit
943 5504 1042 5559 Roma·
1093 5514 1220 5572 quantur,
1237 5502 1263 5555 bi
1277 5504 1414 5557 intantinm
1430 5503 1524 5570 instar,
1539 5501 1624 5557 satira
1638 5498 1766 5556 effluente
1781 5498 1879 5554 buccas

254 5591 303 5630 nus
317 5588 416 5643 orntum,
431 5592 480 5647 pro
492 5579 565 5644 tice..
582 5585 624 5632 cst
636 5592 695 5647 nrum
712 5573 837 5643 periculo,
853 5586 898 5629 nul
909 5575 1041 5632 decedere
1093 5587 1120 5629 ct
1133 5582 1374 5642 restesaspergere
1386 5574 1487 5628 sotcntl
1503 5577 1506 5586 '
1886 5595 1888 5601 ·

254 5660 302 5698 nos
315 5646 438 5703 alicunde
459 5650 540 5717 cogit,
554 5659 600 5703 aut
615 5646 739 5716 probibet
756 5646 883 5701 accedere
899 5665 906 5700 ε
920 5657 947 5701 ct
962 5648 1041 5701 buca
1128 5645 1138 5675 ¹
1155 5641 1207 5697 tata
1229 5644 1300 5696 cuttu
1321 5641 1447 5716 placiule]
1469 5641 1636 5716 Philosophia
1649 5640 1769 5723 sciliceti
1781 5639 1880 5722 qnippe

253 5715 357 5771 rationo
376 5733 409 5772 cn
432 5722 516 5785 magis
533 5720 648 5774 alienum
662 5726 713 5783 est,
729 5718 810 5785 orion,
828 5719 936 5771 ructatis
951 5733 1040 5772 rerum
1094 5730 1153 5782 oure
1163 5714 1281 5769 oninium
1294 5729 1383 5769 rerum
1397 5714 1560 5769 moderatrix
1572 5721 1623 5769 est.
1635 5713 1702 5768 ilinc
1712 5723 1880 5792 saptenssrte

254 5785 366 5850 uicibus,
380 5788 460 5840 ctiam
476 5788 524 5851 itti,
537 5791 632 5858 quitrrs
642 5788 755 5843 debetur
768 5788 964 5856 obscqnirrm,ri
978 5793 1042 5843 sub·
1094 5784 1279 5855 mulctabitur,
1296 5785 1417 5840 Ciceroni
1431 5800 1456 5840 ru
1466 5785 1559 5852 Tusa,
1574 5785 1696 5851 iscripsi
1710 5782 1880 5838 moderatione
1949 5800 1954 5805 ·

253 5853 394 5930 ficiuntur,
409 5866 439 5912 ut
461 5871 531 5914 nunc
554 5860 668 5917 dicitur:
683 5858 753 5926 Quor
777 5858 903 5913 innumeri
927 5867 1042 5925 urrluunl
1093 5863 1117 5912 ct
1130 5856 1270 5913 aonuantia
1286 5856 1386 5931 quietus
1398 5857 1483 5914 rruimo
1496 5866 1551 5928 est,
1566 5855 1662 5930 siiipuc
1675 5856 1731 5928 ipra
1747 5855 1878 5928 placatas,
