4198 6254
313 423 381 492 tim
929 420 984 480 art.
1005 420 1110 479 aaut
1131 416 1335 479 satietati
1885 412 1964 473 ates

312 550 448 632 diapente,
463 562 495 603 ea
517 516 689 616 proportione
702 555 762 613 qua
783 540 853 597 inter
867 538 921 597 256
934 549 962 595 et
978 538 1034 594 ιιι
1055 553 1105 594 nu·
1093 540 1144 604 „t
1159 545 1204 592 ton
1216 542 1322 591 nocant.
1336 532 1480 590 Consulem
1493 530 1590 589 ιοᾱιιιι
1603 544 1710 604 quoque
1722 541 1962 604 nuncupantes·

313 653 402 695 theros
414 637 666 701 maurmunster
678 634 721 690 hic
735 642 824 691 tonus
837 632 1009 690 hiatessaroo
1024 629 1106 703 igitur
1157 630 1231 687 miae
1244 637 1353 700 propter
1366 625 1554 684 excellentiam
1565 624 1713 698 dignitatis,
1725 639 1813 697 eaque
1834 623 1962 709 Saturae

311 727 470 800 symphonia
485 743 499 783 a
515 727 640 797 diapente
654 737 718 789 tono
732 724 940 782 transcenditur
1156 732 1198 783 est
1209 712 1338 781 attributa
1350 731 1459 793 propter
1473 719 1627 779 tarditatem
1646 731 1736 777 motus
1749 730 1778 777 ιι
1790 722 1960 792 pravitatem

609 816 723 874 catut
740 815 812 873 xlii.
1154 817 1225 875 soal
1248 814 1400 886 Parbppate
1419 828 1485 871 uero
1504 813 1632 883 secunda,
1644 812 1721 885 quasi
1739 812 1818 884 iuxta
1834 814 1959 886 hypaten

339 908 471 981 Diopoaon
483 910 595 982 quinque
607 908 822 966 notaacnota·
839 905 979 964 “antoniis
991 903 1076 979 ianqi'.
1154 906 1241 979 posita
1255 917 1284 964 et
1298 906 1440 981 collocata.
1457 905 1590 969 liehanos
1605 906 1683 963 tertia
1697 904 1808 971 ideirco,
1821 906 1958 975 quoniam

348 1003 481 1074 hiapason
494 1004 668 1061 consonantia
683 1012 789 1059 constat
809 1017 843 1059 er
860 1002 977 1072 quinque
991 999 1061 1055 tonis
1076 1006 1104 1055 et
1154 997 1276 1056 lichanos
1288 996 1388 1069 digitus
1400 996 1509 1065 dicitur,
1521 1013 1599 1068 quem
1612 1012 1665 1054 nos
1678 997 1795 1054 indicens
1809 1012 1956 1055 romanos.

312 1092 416 1153 daohus
439 1095 599 1161 semitoniis,
615 1109 675 1165 que
696 1104 784 1150 tamen
803 1106 884 1147 unum
905 1107 959 1148 noo
974 1089 1104 1161 impleant
1155 1087 1265 1146 Graectra
1284 1102 1300 1144 a
1319 1087 1445 1160 lingendo
1469 1087 1594 1147 lichanon
1616 1088 1745 1159 appellat.
1770 1089 1805 1147 Et
1823 1090 1955 1160 qaoalm

313 1194 415 1241 tonum.
431 1183 562 1254 Quoniam
576 1184 648 1240 enim
668 1192 845 1240 monstratum
864 1192 907 1240 est
920 1181 1050 1253 diapason
1069 1193 1103 1236 es
1155 1180 1181 1236 in
1203 1178 1325 1237 canendo
1347 1179 1382 1235 ad
1405 1194 1464 1235 eam
1488 1178 1636 1247 chordam,
1650 1195 1711 1249 quar
1730 1188 1792 1237 erat
1812 1183 1896 1237 tertia
1919 1183 1955 1240 ab

311 1277 437 1349 diapente
452 1287 479 1335 et
493 1279 659 1334 diatessaron
674 1277 841 1342 consistere,
856 1275 1022 1333 diatessaron
1038 1287 1103 1329 vero
1155 1272 1263 1345 hypate,
1276 1270 1355 1328 iodea
1374 1270 1484 1342 digitos,
1497 1270 1543 1341 qui
1556 1280 1598 1327 est
1611 1269 1732 1327 lichanos
1747 1270 1951 1339 inveniebatur,

312 1371 423 1442 prohata
442 1381 485 1428 est
506 1387 538 1426 es
554 1370 657 1427 duohus
676 1371 748 1429 tonis
763 1378 792 1427 et
805 1370 950 1426 semitonio
963 1376 1102 1434 constare;
1154 1363 1255 1421 idcirco
1277 1360 1334 1432 ipsa
1354 1376 1460 1433 quoque
1481 1360 1603 1417 lichanos
1627 1361 1758 1432 appellata
1774 1369 1828 1419 est.
1851 1360 1949 1431 Quarta

312 1458 436 1532 diapente
454 1476 487 1517 es
505 1462 590 1518 trihus
613 1462 682 1517 tonis
697 1476 729 1518 ac
751 1462 895 1517 semitonio
914 1461 995 1516 simul
1009 1460 1102 1530 juncta
1154 1452 1349 1521 dicitur'mese,
1362 1452 1487 1524 quoniam
1509 1453 1581 1507 inter
1594 1461 1699 1521 septem
1714 1468 1825 1521 semper
1839 1464 1950 1511 utrae·

313 1552 430 1610 eiilciunt
446 1554 564 1626 quinque
580 1565 666 1610 tonos.
683 1554 877 1624 sedquoniam
892 1551 938 1607 illa
952 1553 1005 1607 duo
1020 1552 1102 1607 senri-
1153 1547 1208 1603 dia.
1223 1546 1320 1616 Quinta
1332 1554 1375 1601 est
1390 1559 1540 1617 paramese,
1555 1545 1632 1617 quasi
1644 1544 1720 1614 insta
1735 1544 1854 1602 mediam
1867 1546 1952 1601 collo·

234 1686 238 1697 .
313 1644 383 1700 tonia
396 1659 449 1700 non
463 1655 540 1702 erarrt
551 1648 661 1716 iarteqrae
673 1644 835 1712 medietatis,
844 1658 937 1700 eorum
949 1644 1103 1711 coniunctio
1153 1649 1223 1696 cata.
1238 1637 1358 1707 Septima
1372 1647 1461 1693 antem
1476 1636 1574 1691 dicitur
1589 1637 1748 1709 heleathah
1763 1638 1953 1704 ιθὶῑθιὶἅὸῑ
2001 1670 2013 1689 ·

310 1735 344 1791 ad
369 1737 477 1807 plenum
503 1752 586 1807 usque
608 1752 661 1792 non
687 1737 820 1807 persenit.
852 1735 905 1793 Sed
930 1735 1102 1791 medietatem
1156 1729 1274 1786 inferior.
1291 1730 1364 1783 lotor
1383 1742 1463 1798 quam
1479 1738 1559 1783 neten
1580 1737 1608 1785 et
1628 1742 1785 1799 paramesen
1806 1737 1954 1797 estsextm

310 1825 417 1896 quidem
441 1837 559 1899 superat,
572 1829 608 1883 ab
629 1829 782 1901 integritate
808 1828 978 1901 relinquitur.
1002 1828 1104 1899 Estque
1155 1837 1215 1892 (tum
1230 1831 1341 1878 vomitu
1356 1828 1494 1887 paranete,
1508 1819 1584 1889 quasi
1595 1819 1671 1891 juata
1685 1828 1766 1876 neten
1784 1820 1884 1876 locata.
1902 1820 1953 1877 aa·

311 1918 438 1988 diapason
454 1921 600 1977 secundant
610 1923 684 1978 vhane
705 1922 838 1977 rationem
854 1935 886 1977 ea
901 1920 1020 1991 quinque
1034 1918 1104 1976 tonis
1117 1901 1141 1965 Β
1155 1927 1259 1969 tamese
1273 1910 1339 1968 lew
1360 1911 1484 1981 h⁰⁰¹¹¹⁸¹¹¹
1501 1910 1578 1966 tertia
1594 1918 1661 1969 ⁸⁵²²
1677 1920 1755 1979 ⁰⁰20·
1768 1912 1868 1968 ‘iidem
1882 1928 1954 1981 ιω·

309 2019 334 2065 et
348 2009 453 2068 duobus
466 2013 626 2070 semitoniis.
642 2014 707 2082 Quae
727 2013 842 2071 sicutad
864 2013 995 2084 integrum
1010 2020 1102 2068 tonum
1155 2025 1207 2084 que
1222 2007 1354 2066 vocabalo
1368 2007 1441 2075 trite,
1456 2003 1485 2061 itl
1505 2015 1548 2062 cst
1569 2005 1647 2063 tertia
1670 2016 1854 2078 nuncupator,
1868 2016 1899 2064 at
1917 2007 1954 2066 sil

309 2110 362 2156 nun
370 2101 501 2172 aspirant
509 2116 544 2159 tta
552 2104 639 2160 ultra
632 2104 945 2175 anteqrumsemrtonrum
955 2103 1100 2174 prodeunt
1153 2100 1302 2172 descriptio
1315 2099 1383 2155 hacc.

307 2190 361 2247 Sed
382 2207 443 2262 quaa
466 2193 561 2250 horum
577 2197 613 2252 sit
633 2198 711 2263 ratio,
729 2197 773 2253 ael
794 2195 1042 2285 quemadmodum
1035 2211 1101 2267 tpsae
1215 2269 1222 2281 .
1331 2207 1337 2220 ¹*

308 2287 417 2341 musice
440 2288 624 2344 consonando
649 2288 834 2359 reperiantur,
855 2296 948 2358 postea
973 2288 1101 2357 liquidius

308 2376 507 2448 explanabitur.
529 2376 635 2437 interea
648 2383 772 2449 prasenti
788 2379 963 2448 disputationi
977 2382 1028 2437 suh
1043 2396 1100 2438 me·

307 2467 391 2524 dioeri
405 2469 579 2541 intelligentia
594 2479 608 2509 ¹
622 2470 788 2527 credulitatis
800 2471 951 2528 adhihenda
963 2479 1024 2530 est:
1038 2482 1101 2530 tuae
1188 2495 1210 2543 a

308 2576 371 2618 tero
384 2562 460 2619 ilrma
482 2565 569 2619 omnis
584 2563 651 2619 ildes
672 2564 801 2620 sumenda
815 2572 868 2630 est,
885 2564 975 2622 carmlt
992 2566 1100 2636 propria
1178 2569 1196 2597 0

307 2670 389 2711 unam
406 2654 530 2728 quodque
545 2656 774 2714 demonstratione
789 2658 929 2718 claruerit.
952 2658 999 2717 iiis
1020 2662 1101 2732 iqitur
1170 2724 1187 2752 =

307 2743 343 2800 ita
356 2746 494 2816 dispositas
513 2748 649 2821 paulisper
669 2749 704 2806 de
718 2750 837 2822 cytharae
850 2753 950 2822 nemis,
961 2766 993 2810 ac
1005 2754 1040 2808 de
1053 2767 1101 2810 eo·

308 2853 366 2894 rum
378 2838 542 2909 oonrioihus,
554 2855 661 2913 qnoque
674 2841 754 2897 modo
770 2852 782 2882 ⁶
797 2853 861 2929 suot
872 2844 968 2919 additi,
981 2845 1100 2904 dissera-
1162 2826 1186 2881 ³

269 2942 275 2959 ¹
308 2945 377 2997 mus,
390 2938 495 3003 quaque
514 2948 609 2990 eorum
630 2948 710 2991 eausa
735 2936 770 2991 sit
794 2936 944 2993 nominum.
965 2937 1013 2996 iiia
1025 2940 1099 2995 enim

308 3021 422 3091 primum
438 3022 471 3078 ad
483 3024 605 3082 notitiam
620 3026 791 3084 venientibus
810 3026 890 3086 iacile
908 3029 961 3088 erit
974 3031 1097 3102 seientia,

309 3126 366 3183 quc
379 3125 535 3186 sequuntur,
549 3112 684 3189 amplecti.

610 3208 724 3268 CAPUT
742 3211 802 3270 iili.

378 3297 418 3356 Dr
426 3301 548 3359 additone
560 3302 715 3360 chordarum
724 3323 862 3379 ιιιιιιιιιιι
875 3309 1030 3367 nominibus.

342 3387 497 3460 simplicem
524 3393 656 3464 principio
676 3395 758 3453 inisse
780 3400 909 3457 musicam
925 3401 1007 3458 reiert
1020 3399 1102 3458 utco-
1216 3436 1219 3445 ·

308 3482 428 3549 machus,
439 3485 507 3541 adeo
516 3496 546 3542 ut
557 3497 673 3559 quatuor
686 3492 777 3547 nentis
788 3503 843 3550 tota
856 3505 1002 3552 constaret.
1019 3495 1103 3568 idque

193 3620 196 3627 ,
308 3572 439 3642 usquead
454 3574 589 3646 orpheum
602 3579 718 3648 durarit,
731 3591 759 3635 ut
771 3583 872 3652 primus
883 3586 990 3656 quidem
1003 3601 1103 3647 nerruu

308 3671 335 3719 et
348 3666 459 3734 quantita
471 3665 601 3737 diapason
615 3672 817 3727 consonantiam
838 3686 1006 3732 resonarent.
1022 3678 1102 3736 licdii

308 3769 372 3811 reru
393 3757 425 3812 ad
438 3759 591 3817 seinvicem
615 3770 696 3833 atque
709 3763 744 3820 ad
756 3772 892 3825 extremos
913 3769 1050 3839 diapente,
1069 3786 1103 3829 ao

309 3847 487 3921 diatessaron,
500 3866 534 3911 ac
544 3862 647 3909 tonum.
662 3852 734 3910 Nihil
747 3870 813 3912 sero
826 3857 855 3913 lo
868 3861 908 3916 eis
922 3873 994 3918 esset
1009 3864 1103 3920 incon-

309 3953 415 4007 sonum,
429 3943 463 4000 ad
485 3944 660 4004 imitationem
682 3948 786 4005 scilicet
811 3952 920 4008 musica
946 3955 1089 4011 mundanae

309 4045 410 4100 quares
421 4045 535 4104 quatuor
544 4045 650 4094 constat
658 4039 807 4097 elementis.
818 4037 902 4113 Cuius
911 4044 1101 4115 quadrichordi

311 4116 455 4177 llercurius
469 4123 567 4180 dicitur
580 4127 716 4183 inventor.

535 4211 727 4267 'tetrachordum
749 4217 875 4274 llercurli.

506 4386 522 4436 d
545 4401 559 4439 e
621 4386 691 4438 Trite
700 4387 898 4457 dleaeugmeooo

1149 3714 1202 3783 llis
1222 3724 1343 3771 neuram
1363 3713 1470 3771 Samius
1484 3708 1856 3793 hiobaon'adJunait,atque
1876 3716 1952 3774 inter

1154 3821 1321 3878 paramesen,
1345 3822 1405 3877 quas
1430 3806 1511 3864 etiam
1536 3809 1598 3887 trite
1621 3807 1729 3877 dieitur,
1752 3820 1781 3865 et
1802 3817 1952 3879 paraneten

1153 3917 1264 3958 nervam
1287 3900 1405 3958 medium
1427 3900 1626 3972 coaptavimus
1649 3902 1707 3973 ipse
1729 3904 1826 3961 tertius
1846 3915 1950 3961 esseta

1091 3997 1100 4024 ‘
1153 4002 1226 4048 aete.
1241 3992 1276 4048 Et
1297 4008 1436 4062 paramese
1457 3994 1566 4064 quidem
1581 4005 1675 4073 vocata
1690 3992 1871 4063 multotum,
1887 4011 1950 4068 qua

1155 4092 1215 4154 post
1227 4084 1340 4140 mediam
1355 4084 1548 4140 collocabatur.
1559 4083 1647 4142 Tritea
1659 4102 1724 4142 sero
1738 4103 1837 4144 nornen
1851 4086 1950 4158 perdi·

1153 4175 1203 4243 dit,
1215 4185 1389 4247 posteaquam
1404 4176 1547 4233 inteream
1561 4189 1642 4250 atque
1665 4189 1811 4249 paraneten
1824 4181 1920 4238 tertius
1932 4196 1951 4241 a

1152 4278 1215 4324 nete
1227 4269 1330 4325 locatus
1344 4277 1387 4325 est
1408 4284 1523 4338 nervus,
1540 4270 1586 4341 qui
1601 4271 1681 4340 digne
1696 4271 1774 4328 trites
1789 4287 1886 4329 nornen
1901 4287 1951 4329 es·

1152 4361 1272 4432 ciperet,
1294 4372 1323 4417 nt
1347 4362 1382 4418 sit
1409 4362 1603 4419 octochordum
1627 4364 1776 4421 secundm
1802 4365 1950 4424 lichaonis

1053 4453 1055 4456 ‘
1152 4453 1327 4521 additionem,
1342 4453 1393 4509 lroe
1407 4452 1508 4509 modo:

310 5176 434 5245 Quintam
453 5198 516 5238 acro
538 5185 666 5242 chordam
686 5198 745 5259 post
768 5188 908 5248 Chorehus
924 5194 1011 5267 dtlrys
1033 5195 1105 5254 iliius
1198 5157 1216 5184 ε

310 5264 441 5341 adjunxit,
455 5274 498 5345 qui
514 5277 563 5332 luit
579 5277 713 5350 Lydorum
729 5296 786 5338 rea.
802 5283 921 5357 Hyagnis
932 5301 998 5342 vero
1014 5284 1104 5361 Phryx
1202 5276 1220 5307 ³

310 5372 414 5419 sertum
429 5364 471 5420 his
482 5368 606 5436 apposuit
620 5386 740 5427 ncrtum
757 5373 811 5431 Sed
823 5376 955 5445 septimus
975 5392 1073 5436 neruus
1088 5395 1104 5439 a

309 5454 467 5526 'lerpanclro
489 5458 585 5517 Lesbio
609 5462 752 5534 adjunctus
770 5475 823 5535 est,
838 5469 984 5526 secundum
999 5482 1102 5542 septem

310 5548 412 5605 scilieet
438 5553 603 5621 planetarum
628 5557 841 5617 similitudinem.
870 5561 952 5633 lnqne
976 5562 1019 5620 his
1044 5580 1105 5638 qum

310 5643 466 5708 pravissima
490 5648 597 5715 quidem
623 5660 696 5720 crat,
711 5665 803 5709 vocata
829 5667 869 5711 est
895 5655 1011 5729 hypate,
1028 5660 1105 5731 quasi

311 5732 380 5799 maji
384 5749 397 5785 r
410 5746 490 5802 atque
505 5737 699 5799 honorabilior.
714 5743 790 5802 liade
804 5745 896 5803 lovem
912 5749 992 5806 etiam
1009 5750 1102 5824 lippa·

304 5812 308 5869 ἶ
346 5822 527 5886 mutuatas.
565 5832 715 5907 ¹’Propria
753 5837 841 5897 estat
889 5838 993 5900 esra.

287 5933 350 5976 ’κ
