4142 6262
306 384 338 440 rr
871 361 1006 423 suuuou
1022 342 1176 418 erassum
1195 353 1383 415 ausisausis
1902 341 1940 400 rs
1961 420 1964 427 Δ

216 492 220 501 ’
304 508 333 557 ιι
347 509 444 553 ιοιιιι
456 493 483 550 iu
495 492 539 563 jus
554 487 697 559 diligentie
710 480 828 546 attuatii,
839 487 873 536 et
886 478 964 533 sunici
978 473 1093 532 senioris
1107 473 1132 533 Α
1144 472 1271 542 queritur
1283 471 1345 540 poti
1360 467 1388 523 io
1404 466 1505 522 amoris
1518 464 1597 522 lance
1610 458 1940 535 praesumsimus

306 602 398 660 peetus
419 585 530 655 obligat.
553 580 603 650 Qui
631 578 693 633 ium
717 571 905 642 magnitudinis
928 577 982 623 tum
1006 564 1093 620 tidelis
1144 563 1178 617 ad
1201 561 1383 631 praeiudicium
1403 555 1547 613 multaruntl
1572 568 1668 610 nomen
1698 565 1849 622 opponasr
1872 556 1939 605 *curu

304 690 393 751 praeco
409 681 469 738 cst,
487 671 561 741 prius
574 681 622 723 ros
636 679 683 735 pcr
703 659 919 732 astipulationem
937 671 1013 711 suant
1029 652 1095 709 lecit
1144 652 1214 722 apud
1231 650 1374 720 prudentes
1390 648 1488 704 frustra
1499 644 1617 700 sobolem
1628 642 1753 708 dicimus,
1764 638 1816 695 nisi
1828 638 1941 695 exhibet

304 766 382 837 eligi,
396 777 474 835 quam
497 757 615 829 agnosci.
637 756 709 810 llaro
723 751 843 808 notitiam
869 745 1008 818 praecessit
1026 742 1095 799 etis·
1144 745 1214 815 quod
1230 752 1351 798 vocatur.
1367 740 1433 794 liam
1446 738 1493 810 qui
1510 738 1537 792 ln
1554 734 1632 807 prole
1649 746 1790 788 reuisurum
1809 729 1939 801 negligit,

304 857 379 911 ctio:
394 852 437 908 cui
449 849 558 918 contigit
571 854 634 902 ante
647 846 768 915 placere,
779 853 858 911 quam
873 834 990 905 inspici!
1005 833 1095 900 Quas·
1144 841 1304 901 cmrenptam
1327 831 1411 900 magis
1425 822 1548 898 designat
1562 825 1611 881 sibi
1627 824 1749 893 placere.
1763 814 1843 892 quarn
1858 822 1938 877 serg.

305 955 361 1001 tum
379 940 449 1014 apud
464 956 506 995 me
529 937 632 1009 pondus
653 942 694 989 est
709 929 866 1004 perlatoris,
888 925 1038 991 advertite,
1060 920 1093 977 ad
1145 935 1214 980 tunt.
1228 922 1357 979 Facessat
1375 918 1540 1001 inlpesteris
1564 915 1616 971 boc
1640 913 1726 970 solum
1750 927 1800 968 nos
1821 912 1941 981 cognate

305 1034 383 1104 cujus
393 1042 486 1089 nutum
495 1030 593 1103 judicia
606 1037 696 1083 nostra
709 1025 871 1079 nectuntur:
886 1017 1005 1073 vidimus
1014 1026 1094 1084 quem
1109 1024 1111 1027 ’
1145 1012 1215 1081 guod
1229 1010 1318 1065 libuit.
1340 1008 1444 1064 Etenim
1459 1007 1561 1061 tructus
1574 1002 1659 1069 uteri,
1672 1001 1725 1057 nisi
1741 999 1882 1054 bonetus
1897 1014 1940 1055 re·

305 1123 419 1180 didicit:
434 1136 514 1193 quem
536 1118 625 1176 iaudat
646 1113 843 1184 amplectimur.
857 1108 936 1176 Saepo
958 1105 985 1160 lu
1009 1102 1095 1157 solido
1145 1102 1294 1174 spondeat.
1317 1100 1377 1166 plus
1398 1098 1424 1152 in
1445 1094 1599 1155 testimonie
1620 1090 1737 1148 lasciviae
1757 1087 1863 1144 uidetur
1877 1102 1940 1143 ere·

305 1214 448 1271 constituta
461 1224 536 1266 ructu
552 1207 658 1279 propria
673 1203 761 1258 amico
772 1199 844 1255 cedit
856 1195 986 1250 examini.
1001 1192 1096 1248 ilerito
1147 1198 1219 1254 nisse
1232 1210 1311 1266 quam
1324 1194 1429 1264 gratias.
1442 1191 1493 1246 Fas
1504 1190 1576 1245 etnim
1586 1195 1629 1243 ost
1639 1183 1823 1256 germanitatis
1831 1195 1942 1251 senemr

305 1323 370 1378 ergo
392 1304 571 1374 suspicimus,
594 1312 662 1369 quus
685 1294 812 1365 probatus
833 1287 949 1344 extollit.
973 1284 1048 1340 Nurac
1071 1284 1096 1338 si
1147 1289 1227 1344 stupis
1244 1286 1407 1342 consortium
1429 1283 1512 1339 eriam
1536 1273 1836 1355 praemontratensi:
1860 1272 1942 1326 &rur

306 1399 455 1454 auruum
476 1393 567 1465 truta
591 1385 690 1457 argum
714 1381 814 1438 macies
837 1377 1002 1447 aspirarem
1024 1373 1048 1428 st
1062 1372 1095 1427 au
1148 1379 1302 1450 participem
1321 1373 1433 1443 originis
1446 1371 1486 1425 su:
1509 1369 1616 1433 trauca,
1638 1375 1738 1421 nanee
1757 1361 1941 1419 mustaceus

308 1491 406 1545 latntem
417 1484 524 1540 l'oetltil'ls
532 1478 600 1536 dl'tifi
610 1475 743 1532 Sermonis
751 1487 803 1526 nun
814 1470 961 1524 lassaretur
969 1463 1094 1530 ἰιιῐιιιιιὶις
1146 1467 1287 1537 sanguinis
1297 1464 1457 1533 affligatur,
1468 1468 1495 1516 et
1506 1456 1672 1514 descendens
1683 1469 1699 1509 a
1710 1452 1807 1508 mrito
1819 1450 1941 1507 iaculetur

306 1572 491 1647 sispistoiaris
509 1570 695 1640 qualitasque
709 1563 790 1619 etiam
805 1559 922 1629 copiosis
943 1555 1096 1625 elementia
1146 1556 1320 1616 carrucatis
1339 1555 1399 1608 ideo
1420 1567 1454 1607 ne
1478 1549 1596 1606 sinuosis
1618 1549 1646 1603 iu
1664 1546 1774 1615 tongum
1795 1541 1941 1613 morsurus

307 1670 398 1727 laeuos
409 1660 529 1732 imponit,
545 1656 667 1731 lfflssffldl
677 1670 722 1710 Μ
733 1652 767 1708 ³¹¹
779 1650 898 1719 ¹⁰¹¹dl⁰l²
910 1645 1073 1717 Ρθΐιΰῑῑῑθιθῑ
1087 1660 1095 1699 ²
1147 1650 1229 1705 ucrlta
1245 1644 1415 1717 praeloquiis,
1431 1651 1458 1698 et
1470 1641 1541 1712 qarod
1556 1654 1587 1695 rc
1601 1645 1740 1708 angustum
1758 1646 1799 1689 est
1811 1674 1819 1699 ,
1832 1641 1941 1689 essem

306 1771 455 1814 assererem
468 1760 566 1826 quanta
578 1749 702 1806 nobilitas
714 1740 759 1800 tua
774 1743 839 1807 stibi
851 1741 964 1802 debeat,
978 1736 1048 1822 quud
1063 1736 1096 1791 ad
1147 1739 1245 1800 sitnia:
1265 1737 1337 1792 dono
1357 1735 1384 1789 in
1404 1731 1598 1788 trateroiutrm
1620 1738 1691 1782 tuem
1705 1724 1826 1787 contus,
1845 1734 1871 1778 et
1884 1723 1939 1793 iuri

306 1849 451 1917 epistolare
467 1842 656 1902 commercium
679 1838 783 1908 primus
804 1833 923 1897 accessi.
939 1839 966 1885 ct
986 1828 1094 1899 januam
1109 1827 1133 1888 ll
1147 1840 1192 1882 tno
1207 1835 1333 1896 perpetua
1348 1822 1508 1879 liberalitate
1521 1816 1678 1874 transiendo
1693 1813 1854 1887 tuascipiusn
1866 1811 1938 1882 iuris

306 1938 450 2011 diligentie
470 1932 587 1993 reserati
609 1930 685 1986 clare
709 1912 852 1983 consortis.
876 1920 985 1990 Bajttius
1007 1926 1097 1972 umen
1148 1917 1290 1983 meiillad‚
1304 1924 1449 1972 etcaetora.
1465 1912 1538 1967 iiaie.
1953 1918 1956 1923 ·

306 2045 401 2103 precor
414 2036 444 2083 ιι
465 2040 513 2096 pro
527 2024 569 2080 lais
589 2030 649 2093 orte
670 2017 763 2074 tribuit
776 2012 942 2071 redametur.
965 2007 1097 2064 Ecclesiae
1394 2078 1405 2093 Ι
1426 1999 1591 2058 uuistutt
1613 1999 1644 2054 i.

306 2135 402 2179 musas
414 2118 520 2174 insinuo
534 2132 541 2170 ε
553 2114 620 2186 guia
633 2110 703 2183 qraod
714 2108 770 2179 spei
783 2121 850 2161 mem
865 2101 1038 2172 lanipendium
1051 2113 1099 2153 to·
1418 2108 1545 2151 ausonius
1564 2106 1675 2150 raosro.

307 2215 351 2270 bis
369 2210 465 2269 crescit
480 2210 512 2264 sd
526 2206 662 2263 moritum.
679 2201 792 2259 Domine
806 2199 859 2261 mi,
875 2194 1042 2250 effusissimae
1055 2204 1099 2245 sa·
1183 2191 1310 2247 Sublintis
1325 2189 1364 2244 uir
1388 2188 1550 2252 brtlutatius.
1571 2188 1669 2240 anianae
1687 2197 1755 2240 meae
1775 2181 1865 2253 portio
1884 2194 1940 2237 nou

308 2303 446 2361 lutatlouis
459 2313 557 2356 mutius
568 2293 739 2365 impendens,
754 2300 846 2361 qiiaebo
858 2295 885 2341 ut
897 2285 918 2339 di
935 2281 1011 2338 Vobis
1023 2279 1098 2337 cordi
1148 2280 1314 2345 ditissimum,
1328 2270 1375 2336 ssd
1390 2278 1485 2342 solida,
1501 2277 1544 2333 etii
1560 2278 1592 2331 sd
1608 2276 1813 2344 ptra=prtgatinm
1828 2271 1939 2341 ungui.

307 2402 350 2450 est
363 2391 525 2448 oblationem
538 2400 626 2443 meam
639 2382 675 2438 dc
688 2380 816 2436 libamine
835 2374 955 2431 caritatis
964 2372 1097 2440 accipere,
1149 2374 1190 2429 nis
1206 2387 1308 2428 morum
1323 2368 1449 2439 splendor
1461 2367 1587 2434 accessit,
1604 2372 1655 2421 troc
1666 2379 1717 2436 neg
1727 2366 1774 2419 :tio
1783 2377 1836 2419 suo
1849 2360 1939 2417 credi·

308 2485 464 2555 religionem
479 2478 573 2535 amicas
586 2471 758 2531 conscientie
772 2464 898 2525 reseretis
910 2462 1038 2533 alloquio.
1149 2462 1357 2528 disconvenire,
1372 2463 1394 2515 si
1409 2459 1476 2515 ιιιιι
1495 2457 1566 2529 apud
1579 2456 1684 2513 eulmen
1698 2463 1818 2510 restrum
1831 2453 1886 2522 jur:
1895 2455 1940 2507 ιιι

590 2561 755 2621 El‘iSTOLA
776 2558 820 2614 lil-
1149 2567 1193 2615 tur
1205 2555 1339 2626 alloquiis.
1349 2553 1427 2621 Quod
1438 2549 1667 2622 supersedendum
1681 2550 1740 2616 ejus
1750 2547 1877 2603 conscius
1886 2561 1939 2600 non

497 2671 625 2715 suruotos
643 2666 756 2710 sottum
777 2661 908 2705 sorssors.
1149 2649 1256 2720 putari,
1278 2647 1378 2702 taciens
1398 2643 1550 2700 urbanitate
1564 2640 1677 2711 quadam
1697 2652 1820 2709 personas
1842 2634 1938 2701 tribul.

333 2752 467 2812 ‘Tristitati
480 2750 580 2823 gratiss
594 2749 649 2804 lico
671 2754 774 2809 nostro,
793 2741 839 2813 qui
861 2740 960 2796 luscum
974 2752 1028 2806 nuti
1050 2735 1100 2790 de-
1150 2737 1221 2808 quod
1238 2750 1288 2791 sos
1301 2732 1363 2790 riori
1384 2732 1482 2788 debere
1496 2722 1615 2800 iustitie.
1631 2728 1659 2784 ln
1671 2726 1763 2785 Sicilia
1781 2726 1853 2782 enim
1870 2740 1939 2796 prar-

310 2847 412 2916 primor
422 2850 603 2915 peccatorum,
612 2837 689 2893 tortis
699 2834 768 2905 apud
781 2846 812 2889 se
824 2832 875 2889 riri
889 2829 1027 2885 alacritate
1038 2841 1099 2882 sus·
1149 2828 1214 2897 dicti
1231 2825 1374 2896 predium.
1401 2824 1472 2879 bono
1494 2823 1624 2878 hactenus
1644 2821 1705 2891 jure
1724 2833 1879 2890 posessutn
1897 2834 1904 2872 ι
1923 2832 1940 2874 s

311 2945 419 2994 tenuta
440 2933 487 3006 qui
507 2930 663 2987 memoriam
689 2929 740 2982 met
756 2925 783 2979 in
808 2923 854 2978 ilio
868 2927 963 2977 macto
984 2918 1100 2988 perteus
1149 2919 1319 2976 consortibus
1337 2915 1497 2987 perhibetur
1513 2914 1645 2970 invasum.
1667 2911 1742 2968 Nunc
1765 2910 1799 2966 ad
1812 2910 1939 2980 jurameu

310 3026 348 3082 tui
368 3024 468 3096 templo
485 3035 539 3093 quo
555 3017 654 3092 gaudet
673 3015 812 3081 cbristus,
833 3010 940 3068 subtilis
955 3008 1099 3064 lubricatur
1150 3010 1286 3065 civilitatis
1302 3006 1473 3078 impenditur,
1489 3004 1616 3076 quidquid
1630 3017 1680 3073 ogo
1694 3004 1855 3073 promovero
1873 3015 1938 3069 snp-

310 3116 465 3171 interserit:
479 3119 509 3169 ut
521 3109 592 3180 quod
608 3109 723 3180 propriae
735 3101 948 3160 coraserrationls
960 3099 1031 3155 nube
1045 3098 1099 3153 lus·
1150 3104 1283 3174 plicando.
1300 3101 1412 3156 bomine
1423 3101 1472 3165 mi,
1484 3097 1649 3153 salutationis
1658 3096 1785 3166 oiuequia
1800 3096 1876 3164 piena
1890 3093 1940 3147 ltu·

310 3208 378 3276 cari,
390 3202 528 3276 splendida
538 3200 710 3256 eonscientiae
722 3197 869 3253 serenitate
883 3193 1030 3264 detergeat.
1041 3190 1099 3247 lan
1113 3175 1136 3237 C
1154 3195 1265 3250 militate
1279 3193 1448 3265 persolvens,
1461 3190 1591 3261 deprecor
1605 3197 1634 3244 ut
1650 3188 1719 3245 circa
1734 3188 1874 3244 ntemorati
1888 3200 1938 3241 no-

311 3297 372 3353 uori
387 3295 446 3366 guia
462 3307 515 3349 nou
540 3290 713 3346 insinceriter
729 3286 877 3343 tunduntur
898 3284 1015 3339 lamenta
1038 3294 1101 3353 pec·
1152 3286 1213 3343 bilis
1223 3284 1273 3341 uiri
1287 3283 1446 3356 compendia
1463 3283 1607 3352 pudorem,
1622 3280 1706 3351 leges.
1719 3291 1751 3334 sc
1763 3278 1863 3349 reliqua
1878 3292 1939 3347 quas

311 3387 439 3443 candum.
456 3383 511 3438 iloc
524 3380 590 3436 mibi
604 3378 724 3450 principe
737 3378 797 3432 loco
808 3376 896 3431 oratio
909 3389 985 3438 mea.
1000 3375 1051 3429 boc
1064 3373 1102 3427 la·
1153 3391 1201 3447 per
1213 3373 1402 3430 conscientiam
1415 3384 1532 3456 uestram
1547 3372 1712 3437 subsistunt,
1725 3369 1879 3440 reipublicae
1890 3382 1939 3425 or·

311 3491 410 3550 crymae
424 3473 607 3539 sustulerunt,
623 3479 651 3524 ut
665 3468 792 3524 robustus
805 3481 853 3537 pro
867 3480 909 3522 ιιι
920 3473 1043 3535 precator
1056 3480 1103 3519 ea·
1153 3476 1275 3520 tramenta
1290 3464 1425 3519 muniatis.
1442 3462 1516 3518 iaie.

312 3580 450 3638 surgeres,
472 3573 501 3618 ut
523 3560 672 3617 labantibus
696 3556 816 3612 ilumeris
838 3554 942 3611 caelesti
971 3553 1102 3609 munit-m
1431 3552 1596 3609 Eitisitiint
1615 3552 1655 3607 t’i.

312 3655 413 3713 ausiiio
433 3655 570 3709 dostram
593 3648 763 3719 subrogares.
778 3645 876 3701 Verum
903 3645 1026 3715 estquis
1046 3644 1102 3699 sola
1410 3660 1537 3699 ausonios
1556 3626 1679 3699 interro.

312 3747 382 3819 apud
398 3745 481 3803 Deum
496 3740 647 3811 desperatio
659 3738 745 3810 perdit
757 3747 901 3793 errantem.
916 3736 985 3792 Ecce
995 3735 1050 3807 jum
1062 3735 1102 3791 lo-
1186 3736 1303 3804 Crcdidi‚
1316 3747 1453 3807 postquam
1468 3735 1622 3808 magnitudo
1637 3743 1723 3789 restra
1736 3733 1814 3789 bonis
1827 3741 1869 3789 est
1883 3733 1936 3787 im·

312 3839 379 3895 lium
394 3845 531 3901 nummu,
554 3830 693 3901 spueret
710 3829 817 3894 tribuli,
833 3827 1100 3894 burdam-triticum.
1152 3848 1233 3904 pensa
1248 3832 1435 3901 generalibus.
1458 3839 1486 3884 et
1507 3831 1589 3884 otium
1612 3827 1735 3898 migrarit
1755 3826 1782 3881 iu
1804 3826 1938 3898 gioriam;

313 3930 405 3985 llum
418 3927 588 3997 balneentur·
608 3926 682 3993 Ais·
702 3922 787 3987 elicii
802 3921 864 3988 ⁰⁰¹,
886 3935 935 3992 pro
950 3936 993 3976 ιιι
1009 3920 1102 3975 huuti'i
1152 3931 1291 3993 postquam
1304 3919 1502 3977 Rauennatibus
1511 3919 1632 3974 excubiis
1642 3918 1773 3986 occupati,
1787 3915 1849 3970 dum
1865 3916 1941 3985 quie

312 4018 385 4090 quod
399 4016 520 4086 coepbti;
535 4022 563 4070 et
582 4013 703 4084 partibus
717 4012 770 4068 tuis
787 4009 897 4079 adesto,
913 4011 976 4066 dum
993 4024 1101 4079 precum
1152 4024 1205 4069 tem
1222 4022 1338 4069 uestram
1357 4010 1504 4082 negligitis.
1522 4021 1639 4064 nostram
1655 4007 1728 4062 omrai
1743 4005 1877 4061 soliditate
1892 4005 1940 4058 tir·
1963 3990 1966 3997 ’

313 4110 342 4165 lo
356 4122 400 4163 ιιι
412 4104 568 4162 assiduitate
586 4101 680 4169 diluis,
702 4101 843 4171 quodem
865 4100 960 4171 collegi
981 4100 1102 4155 ubertate
1152 4104 1245 4168 mutim
1259 4110 1287 4156 et
1303 4100 1422 4172 priuatus
1437 4100 1529 4170 genius
1549 4098 1582 4153 ad
1599 4097 1672 4168 rogati
1688 4096 1784 4152 decors
1801 4092 1939 4159 transisit3
2051 4106 2052 4115 ¹

311 4206 463 4274 cuipamm.
477 4198 671 4270 Frequentibus
684 4196 765 4252 etiam
777 4205 930 4266 susceptum
947 4208 1026 4265 pasce
1047 4193 1102 4249 coi·
1152 4194 1258 4263 quando
1271 4208 1364 4248 novam
1379 4191 1476 4257 iucem,
1492 4191 1525 4246 de
1535 4189 1690 4246 domesticis
1701 4182 1860 4244 obstr-uitam
1875 4187 1942 4242 sitri-

314 4296 430 4367 lorptiis:
447 4304 476 4351 ut
488 4292 618 4350 insulsum
632 4300 736 4362 pectus,
751 4287 1005 4345 taccullauirtutum
1020 4286 1103 4343 stabi·
1152 4284 1216 4350 luta,
1238 4280 1373 4338 Palatinus
1392 4281 1441 4338 sibi
1465 4281 1551 4353 iulgor
1574 4280 1686 4351 adjecit:
1710 4291 1737 4335 et
1759 4279 1940 4351 angustiorem

313 4388 388 4447 litate
400 4386 554 4451 subnixum,
569 4382 758 4438 admonitionis
771 4381 826 4436 sale
840 4380 985 4436 ooniortes.
1002 4378 1043 4434 Ad
1055 4376 1103 4432 ob·
1153 4376 1235 4431 luisse
1249 4375 1322 4444 regni
1345 4373 1387 4430 sui
1408 4387 1532 4445 pompam
1556 4388 1645 4428 terram
1669 4371 1793 4427 domiuus
1812 4384 1873 4425 cum
1892 4383 1942 4424 ros

313 4480 406 4550 sequias
416 4476 582 4535 salutationis
592 4485 723 4541 revertor,
734 4484 761 4527 et
771 4472 941 4542 epistolarem
953 4481 1102 4542 transgres·
1154 4483 1207 4543 non
1230 4467 1338 4533 babuit,
1355 4476 1428 4521 recte
1448 4466 1556 4520 metitus
1569 4473 1626 4528 est;
1643 4479 1691 4532 pro
1706 4462 1840 4517 vicinitate
1853 4458 1941 4530 regin·

315 4586 361 4627 sus
373 4570 533 4633 terminum,
550 4582 630 4622 uuum
646 4565 718 4620 reiut
731 4562 863 4633 garrulus,
879 4562 925 4617 sed
941 4576 989 4630 pro
1004 4575 1098 4615 neces·
1155 4575 1233 4626 num,
1254 4558 1356 4614 crebris
1378 4572 1421 4612 me
1439 4553 1611 4610 relevandum
1632 4568 1693 4610 esse
1713 4550 1865 4622 colloquiis.
1887 4549 1941 4605 Sed

315 4662 439 4719 sitatibus
451 4660 620 4731 importunus
633 4654 765 4724 edituum
780 4663 809 4707 ut
826 4668 870 4706 me
882 4651 941 4707 sine
952 4651 1102 4706 cessatione
1156 4651 1336 4709 inefficacibus
1357 4648 1414 4718 spei
1438 4662 1504 4703 meae
1529 4647 1648 4701 luserunt
1667 4655 1775 4715 precenta
1798 4641 1939 4707 consiliis3

316 4759 419 4805 uuum
431 4752 507 4818 iures
522 4745 656 4818 precibus,
672 4751 799 4814 natantum
811 4741 955 4797 confirmas
968 4741 1101 4812 alioquiis.
1156 4745 1241 4799 nullas
1252 4741 1360 4813 paginas
1372 4740 1403 4792 ad
1414 4738 1560 4807 diligentia
1569 4737 1748 4792 testimonium
1760 4748 1835 4789 mens
1845 4748 1940 4788 serena

316 4841 392 4896 l'sle.
1156 4832 1320 4890 transmittit.
1335 4828 1421 4885 Graue
1433 4839 1492 4894 est,
1508 4828 1531 4884 si
1553 4841 1673 4882 amorem
1688 4840 1741 4880 ιιι
1762 4825 1847 4880 merui
1860 4842 1868 4879 a
1881 4840 1939 4893 gra·

594 4927 759 4985 uitstoti
778 4927 823 4982 tit.
1155 4926 1229 4991 slus,
1248 4922 1270 4977 si
1294 4936 1371 4992 quaem
1393 4934 1533 4988 exegeram
1547 4916 1618 4972 lorte
1639 4916 1754 4971 turbari.
1769 4914 1833 4970 Scin
1853 4924 1959 4977 iamet,

402 5036 540 5075 saeurtsn
559 5036 694 5077 aristote
713 5036 783 5084 oratu
804 5035 859 5075 mse
879 5034 1010 5076 utmrrtr.
1153 5017 1212 5069 lucc
1233 5011 1441 5081 congruentibus
1468 5007 1573 5063 veritati
1598 5004 1798 5061 excusationum
1825 5002 1940 5064 nirbibtst

602 5128 699 5167 rusum
718 5126 810 5167 sonos.
1153 5118 1214 5159 esee
1231 5099 1389 5158 claudenda.
1406 5098 1435 5152 Ιι
1450 5097 1561 5167 priuatis
1576 5096 1690 5151 inueniri
1705 5109 1816 5150 munera
1837 5092 1937 5147 littera·

349 5202 476 5271 Quamvis
490 5206 641 5257 summatim
659 5205 771 5273 gratiam
785 5200 867 5274 aliqtri
885 5201 1000 5257 debeant
1019 5201 1099 5257 etiarn
1153 5209 1212 5250 rutn
1228 5209 1234 5246 τ
1250 5207 1303 5246 uon
1319 5204 1392 5246 rece
1406 5188 1440 5243 ab
1453 5187 1590 5257 occupatis
1603 5188 1654 5241 ista
1671 5185 1795 5256 tuuulrt.
1810 5183 1863 5240 set
1879 5180 1944 5243 uttt'i

312 5292 390 5349 malis
403 5295 429 5348 iu
442 5291 582 5347 sumbone
596 5293 768 5364 pignoribus,
782 5309 831 5350 nec
847 5293 909 5348 illud
923 5291 994 5364 mind
1009 5304 1099 5363 puste-
1154 5284 1256 5339 iirmam
1274 5283 1300 5337 in
1317 5281 1457 5337 allectione
1470 5276 1660 5335 conscientiam
1674 5276 1745 5331 iuter
1759 5275 1860 5346 queris
1875 5286 1943 5343 pou·

312 5385 383 5439 ritati
406 5383 530 5439 tribuitur
550 5382 726 5445 beneficium.
751 5393 857 5452 putetur
879 5398 938 5439 csse
956 5383 1008 5439 deit
1020 5392 1074 5439 tum
1090 5401 1097 5437 ι
1154 5378 1217 5431 dura
1232 5376 1381 5429 etadrersa
1395 5373 1542 5428 districtam
1555 5369 1645 5425 debita
1658 5384 1705 5423 sua
1719 5368 1814 5437 gratiae
1825 5380 1879 5420 nou
1895 5379 1942 5421 tto

310 5491 372 5531 carm
384 5476 518 5546 utaiiguus
532 5475 663 5542 interpres
673 5474 802 5542 judicium
816 5474 906 5530 cordis
920 5486 1020 5531 nature
1032 5478 1097 5530 snit·
1153 5480 1226 5536 tate·
1241 5464 1317 5518 Nunc
1329 5464 1390 5517 uolo
1403 5475 1463 5517 esse
1476 5459 1604 5531 pmdigus
1618 5459 1644 5513 iu
1657 5458 1784 5530 querelis,
1797 5455 1941 5514 saiutmio

311 5566 351 5618 dit
366 5567 500 5636 imperiis,
515 5574 542 5622 ιι
563 5565 659 5621 tollens
675 5578 799 5634 saporem
813 5565 971 5637 diligentie,
986 5567 1042 5621 suia
1057 5564 1098 5619 ti·
1153 5557 1195 5611 uis
1210 5558 1386 5610 reverentiam
1402 5552 1525 5616 soluens,
1543 5544 1684 5620 illimis
1699 5557 1729 5604 ιιι
1742 5542 1945 5619 ἳυιιθῦῑῑθΰθω

313 5655 427 5709 rettdmu
441 5665 514 5725 putet
527 5655 678 5725 objectione
693 5652 833 5725 pariendi:
849 5654 955 5723 quando
968 5654 1029 5723 plus
1039 5671 1097 5712 cre·
1152 5666 1230 5719 urrann
1246 5648 1315 5717 apud
1338 5661 1385 5701 uos
1399 5644 1552 5713 depossuerit
1574 5642 1746 5713 presentium
1769 5638 1942 5714 perarmati

311 5744 383 5801 ditur
399 5746 444 5800 liiii
460 5748 616 5805 uocabulum
628 5748 718 5803 ualere
731 5760 809 5817 quarn
824 5745 858 5800 ιιι
867 5749 991 5815 erptiam,
1006 5756 1032 5801 ct
1044 5760 1095 5798 uon
1154 5742 1268 5797 uotiuum
1284 5739 1436 5803 perdoceas
1449 5737 1581 5793 ellectum.
