4188 6258
6 6060 8 6113 l

186 447 241 506 {77
647 440 881 506 bshnelntcus
901 441 1119 502 tubbbbulce
1138 442 1218 501 REGl
1239 444 1370 506 blesus.
1488 516 1491 519 Ι
1776 446 1827 503 llll
1881 506 1889 523 ι

184 560 276 621 Taceo
288 558 416 618 ubi¹tibi
440 559 558 632 iniuncta
570 569 612 618 est
626 574 677 632 pas
697 560 837 626 diuturna,
856 559 979 630 Burgun·
994 558 1143 621 Adesistis
1166 560 1277 618 castella
1303 573 1463 632 propagare,
1486 575 1566 619 curas
1590 570 1649 618 tuas
1669 562 1696 618 in
1719 563 1827 630 longum

185 657 231 713 dio
241 675 249 712 ε
261 654 418 729 mendesio
427 654 572 712 ltederibus
584 655 729 713 obsecutus
738 669 779 722 cs,
789 664 818 711 ut
826 652 980 726 deputetur,
1034 651 1204 723 producens:
1219 666 1269 709 nec
1284 652 1332 708 uiri
1349 652 1426 709 iertls
1445 652 1472 708 ln
1492 661 1518 710 te
1530 652 1606 710 deest
1621 653 1761 721 securitas,
1778 670 1827 713 nee

185 749 259 823 quod
275 749 346 805 viris
369 748 491 819 ieriatus,
516 749 684 817 consentire,
710 763 763 804 non
787 747 890 819 pareri.
914 745 982 803 iilud
1033 743 1137 800 cautela
1161 745 1315 800 metuentis.
1329 744 1353 801 o
1366 745 1500 816 geminam
1520 745 1548 800 ln
1569 759 1621 802 ono
1641 745 1759 815 principe
1773 746 1828 800 uir·

185 855 293 912 quuoue
307 842 368 911 uois
381 842 497 911 patiatur
511 841 613 896 nontin
629 841 728 911 perire,
751 842 822 911 qured
837 840 909 896 beno
923 838 983 895 ieii÷
1034 846 1122 894 tutum
1138 838 1348 909 plenitudinem!
1363 854 1422 909 uum
1438 838 1580 895 bomimm
1603 838 1720 910 resignat
1735 848 1828 895 aucto-
1916 840 1920 847 '

185 935 275 991 citatis
296 943 350 990 tue
361 935 548 990 concurrentia
564 935 635 992 inter
649 950 679 990 se
693 934 809 989 uidimus
832 933 882 990 tela
898 930 980 1003 perd·
1033 947 1091 989 rem
1105 951 1112 987 z
1125 933 1187 1004 quia
1201 948 1256 990 eon
1275 933 1358 990 babet
1372 933 1443 988 inter
1459 933 1593 1001 hemines,
1607 949 1623 989 a
1637 948 1691 1005 quo
1705 934 1827 995 ridestur

185 1025 293 1091 dorum,
315 1033 344 1081 et
360 1023 482 1081 inimicas
495 1025 569 1098 acies
590 1035 616 1083 te
630 1034 790 1097 occupatum
806 1026 833 1081 in
855 1024 915 1081 aliis
937 1027 980 1094 pia
1033 1024 1265 1098 sumpsissequod
1277 1025 1397 1082 exhibet.

183 1118 537 1189 congressioneccoidissel
552 1118 681 1185 Quotiens
694 1116 741 1173 tibi
754 1117 981 1189 vicitquicontra
1068 1117 1122 1175 Sed
1143 1133 1209 1176 cccc
1228 1134 1322 1176 rrimus
1343 1129 1404 1192 post
1422 1121 1540 1192 quietem
1563 1120 1675 1178 solidam
1698 1120 1732 1177 ad
1754 1121 1825 1183 acies
1878 1086 1880 1091 Ι
1976 1164 1982 1179 .

183 1220 211 1268 ιο
222 1218 379 1280 sumpserat
390 1221 452 1264 rota
468 1202 647 1281 pignerum·
668 1210 743 1267 llicat
757 1208 921 1277 i'ridericus,
935 1208 980 1279 poi
1031 1211 1113 1269 rerba
1128 1226 1310 1271 revocamus:
1323 1213 1467 1271 iterumad
1480 1228 1509 1271 se
1519 1214 1582 1270 tuba
1592 1223 1670 1271 rocat
1679 1215 1824 1287 eloquium.

182 1312 328 1375 postquam
342 1300 423 1359 ddum
441 1302 521 1369 lesit,
534 1303 626 1359 hostes
641 1312 703 1359 teos
713 1300 823 1358 iuterim
837 1301 981 1357 comitatus
1032 1303 1042 1337 ⁸
1057 1303 1244 1361 Sirmiensium
1261 1303 1357 1361 civitas
1371 1305 1436 1361 elim
1452 1306 1530 1364 limes
1542 1307 1626 1363 ltaliae
1644 1305 1693 1363 luit
1708 1325 1715 1361 ε
1732 1309 1758 1364 in
1772 1323 1826 1380 ena

111 1382 117 1395 '
182 1404 240 1461 est;
253 1403 347 1451 eontra
361 1395 424 1450 illos
437 1409 513 1451 arma
526 1395 695 1460 concutiens,
719 1393 818 1463 quibus
833 1392 922 1449 iuerat
936 1406 980 1447 er·
1031 1399 1153 1455 seniores
1173 1398 1275 1455 domini
1297 1399 1486 1466 excubabunt,
1511 1415 1546 1457 ne
1571 1411 1728 1459 coacervare
1751 1402 1827 1461 ripun

182 1504 249 1545 rere
262 1489 393 1553 sociatum
418 1486 527 1556 quando
552 1494 613 1542 nata
636 1493 678 1541 est
698 1486 769 1541 iuter
783 1482 999 1540 sceleraresde'
1031 1489 1326 1547 dnitimarumrulnera
1340 1491 1826 1563 gentiuntnhomsnuncorpnsex·

184 1580 238 1635 heo
251 1579 323 1650 quod
334 1577 520 1649 intelligebant
533 1592 564 1633 se
576 1592 658 1635 unum
669 1575 892 1633 reliediscordia.
902 1574 981 1631 udus
1030 1588 1179 1639 currerent.
1200 1581 1263 1639 lime
1281 1591 1376 1654 postea
1400 1598 1448 1655 per
1468 1585 1619 1656 repentium
1634 1586 1784 1658 neglectum
1799 1588 1843 1645 iu·

127 1738 135 1755 ι
183 1672 327 1738 Divinitas,
341 1682 369 1727 et
382 1670 516 1728 benedcia
534 1686 583 1727 soa
603 1671 629 1726 in
647 1684 734 1727 enirm
750 1669 904 1739 producat:
925 1683 978 1739 qua
1030 1676 1195 1747 (lepidorum
1208 1678 1269 1749 iura
1285 1677 1441 1734 concessit:
1456 1677 1519 1734 hinc
1537 1679 1692 1750 quotidiana
1714 1680 1826 1757 insuite

184 1763 344 1833 disponente
362 1761 450 1817 sotira
474 1761 544 1818 inter
565 1776 629 1818 reos
654 1774 770 1817 creuere
791 1760 885 1831 litigia.
910 1759 977 1817 liant
1031 1768 1080 1834 tin,
1096 1778 1123 1826 er
1141 1769 1319 1839 incomposita
1341 1769 1508 1841 legationum
1531 1769 1681 1842 frequentia
1702 1772 1825 1829 mittetis·

183 1855 347 1925 fridericus,
365 1864 507 1926 postquam
523 1853 569 1910 tibi
581 1855 616 1911 de
630 1851 794 1911 adversariis
809 1852 861 1909 luit
874 1852 978 1923 peregit
1030 1868 1084 1917 tur.
1100 1860 1219 1918 Urebant
1240 1861 1358 1917 animem
1385 1861 1514 1933 principis
1536 1861 1623 1921 dolosi
1643 1863 1826 1923 biandimenta

183 1947 361 2019 triumphum,
375 1945 410 2003 de
424 1961 455 2003 se
470 1946 594 2015 prebuit
991 1943 1191 2022 Bcommenti3
1205 1963 1233 2011 et
1243 1955 1314 2012 circa
1334 1955 1403 2013 alies
1415 1955 1532 2028 Gepidas
1549 1971 1664 2030 querum
1679 1958 1774 2014 ductor
1784 1965 1825 2015 est

182 2042 316 2101 ··'lrabit
329 2043 416 2098 mead
431 2041 512 2099 aliam
525 2053 629 2113 purtem
643 2043 837 2102 uenerabilium
848 2058 911 2117 pars
921 2059 978 2101 ma·
1029 2045 1189 2112 Gunderith,
1207 2047 1394 2117 intempestiva
1409 2047 1544 2106 Traserici
1566 2048 1825 2106 leodinensem
1942 2083 1949 2093 ·

183 2150 237 2208 gna
253 2135 422 2191 meritorum.
438 2135 525 2192 Video
548 2138 706 2207 inspiratum
726 2136 850 2193 decorem
870 2138 976 2195 urbium
1028 2137 1112 2195 debas
1133 2138 1160 2193 in
1181 2147 1226 2193 tua
1249 2137 1348 2209 injuria
1369 2139 1469 2210 perire,
1488 2139 1550 2211 quia
1565 2140 1611 2196 dio
1631 2140 1729 2197 licebat
1744 2139 1826 2199 ltaliae

184 2224 325 2282 cineribus
336 2225 470 2291 evenisse,
482 2226 570 2282 etsub
580 2226 718 2282 cirilitatis
730 2227 896 2297 plenitudine
907 2229 919 2260 ⁸
931 2243 978 2301 pa·
1029 2230 1224 2301 possessionem
1239 2239 1267 2287 te
1280 2230 1435 2289 dominante
1455 2234 1576 2290 retineri.
1595 2233 1650 2297 lice
1671 2233 1825 2291 suliciebat

182 2316 267 2372 latina
280 2316 380 2388 ubique
393 2325 463 2374 tecta
477 2317 597 2375 rutilare.
611 2318 769 2376 lidebante
781 2319 898 2391 perlecta
911 2320 977 2378 aedi·
1027 2325 1187 2392 consolatio,
1208 2324 1281 2397 qued
1304 2339 1364 2382 eam
1385 2336 1415 2381 tu
1433 2341 1486 2383 non
1506 2327 1684 2397 perdideras:
1699 2343 1760 2384 cum
1776 2328 1825 2383 im·

178 2406 253 2479 licia,
265 2423 348 2480 quam
362 2425 406 2467 me
418 2410 587 2481 contigisset,
600 2410 740 2482 disposita.
756 2411 805 2467 illa
818 2411 876 2482 ipsa
891 2421 977 2470 mater
1027 2431 1138 2474 mensus
1150 2427 1224 2474 essct
1242 2417 1333 2486 dolor,
1348 2433 1397 2474 cur
1416 2418 1489 2474 illam
1513 2428 1663 2476 retentator
1681 2435 1734 2476 nen
1756 2421 1826 2479 inter

178 2501 321 2558 ciuitatum
334 2502 421 2558 Roma
430 2503 594 2574 juvenescit,
606 2504 726 2561 meroida
736 2507 882 2562 senectutis
892 2522 977 2564 mem·
1026 2509 1218 2567 dominationis
1229 2518 1282 2567 tuae
1292 2510 1403 2567 exordia
1414 2502 1595 2569 reddidisset:
1608 2512 1692 2568 mirnri
1706 2514 1824 2571 estimas

179 2592 231 2650 bra
245 2594 408 2651 resecando.
425 2594 492 2652 Date
504 2595 625 2666 reniam,
645 2596 801 2668 Lupercalia
815 2599 976 2669 periissem
1026 2602 1099 2674 quod
1113 2617 1167 2659 non
1182 2603 1282 2660 crescit
1295 2603 1447 2674 imperium.
1464 2602 1609 2675 Postquam
1621 2612 1711 2661 tamen
1724 2604 1825 2676 liquide

178 2686 333 2743 rudimenta
347 2703 356 2741 ι
370 2687 433 2758 plus
453 2694 496 2743 cst
520 2702 645 2745 occasum
670 2689 811 2761 repellere,
830 2705 910 2760 cruam
928 2690 976 2749 de·
1026 2692 1161 2751 'iraserici
1175 2705 1288 2764 patuere
1299 2703 1464 2761 commenta,
1475 2694 1626 2750 Gutburum
1641 2694 1825 2753 nobilissimos

179 2778 254 2835 disse
268 2780 409 2851 principia.
432 2781 490 2837 ilnc
513 2781 628 2848 accedit,
649 2782 721 2854 qued
745 2798 872 2840 corenam
893 2788 976 2844 curias
1027 2784 1122 2854 Pitaia,
1141 2786 1269 2852 lierduic,
1293 2794 1320 2842 ct
1342 2787 1439 2857 pubem
1460 2787 1542 2843 nullis
1564 2786 1653 2844 adbuc
1675 2787 1825 2844 dedicatam

182 2870 324 2927 innumero
337 2872 406 2929 burc
420 2873 526 2929 velasti.
548 2872 654 2930 Nullum
675 2875 709 2930 de
727 2874 875 2933 bonoribus
889 2877 976 2949 tetigit
1028 2876 1130 2947 preliis
1144 2876 1285 2934 destinasti
1299 2893 1308 2932 r
1323 2886 1352 2933 ut
1371 2878 1395 2934 si
1415 2877 1514 2934 oblatis
1532 2878 1700 2948 pactionum
1714 2880 1825 2949 acquie-

178 2962 343 3034 despcratie,
359 2979 440 3036 quiem
459 2965 587 3034 juverunt
606 2964 795 3036 deprecantem
820 2968 889 3023 hona
910 2983 975 3026 cen·
1026 2978 1126 3037 sceret,
1143 2969 1227 3025 semel
1242 2970 1338 3026 inraso
1351 2970 1473 3027 locorum
1488 2971 1618 3040 potiretur
1632 2970 1756 3026 arbitrie.
1770 2970 1824 3031 Sed

176 3057 301 3114 scientie
315 3072 323 3111 r
339 3060 425 3114 nescit
445 3056 481 3114 dc
500 3056 597 3114 ellectu
621 3059 758 3127 petitionis
776 3058 909 3126 dubitare,
928 3059 975 3132 qui
1027 3075 1092 3118 esus
1107 3061 1287 3116 inconstantis
1305 3061 1427 3116 felicitati
1448 3071 1500 3116 tue
1521 3060 1665 3116 obsecutus
1678 3070 1721 3115 est
1735 3078 1743 3113 ε
1756 3058 1826 3131 legit

176 3149 329 3220 splendidis
345 3150 424 3220 ineps
437 3149 541 3206 meritis
553 3163 607 3206 non
620 3151 733 3221 roravit.
746 3152 797 3207 hut
809 3151 872 3207 beni
883 3167 975 3208 snmus
1026 3159 1124 3220 sponte
1141 3150 1240 3217 aliena,
1258 3159 1284 3206 et
1299 3149 1359 3206 sine
1375 3148 1491 3220 impulsu
1504 3148 1639 3205 exercitus
1650 3150 1688 3203 tui
1704 3148 1825 3206 deseruit

177 3242 320 3312 proposito
334 3250 439 3307 nostro,
452 3250 500 3296 ant
513 3250 559 3297 tue
571 3242 748 3298 intormamur
762 3243 896 3312 exemplo.
907 3243 975 3300 Cre·
1026 3244 1100 3315 quod
1113 3243 1240 3316 debebat.
1254 3242 1391 3315 continue
1409 3241 1503 3306 Pissia,
1517 3241 1562 3312 qui
1580 3239 1657 3297 etde
1670 3249 1698 3298 te
1711 3250 1825 3303 erentut

178 3342 275 3391 terum
288 3333 446 3405 reipublicae
456 3348 522 3405 opes
533 3349 594 3390 cure
610 3335 775 3405 priuatorum
788 3335 974 3404 profectibus:
989 3324 1014 3393 C
1028 3335 1108 3392 utiles
1121 3341 1283 3403 sumpserat,
1302 3341 1330 3390 et
1348 3332 1522 3390 consiliorum
1544 3340 1680 3389 momenta
1699 3332 1824 3401 librabat.

178 3440 310 3497 nosquam
325 3427 354 3481 iu
367 3426 428 3482 aula
440 3435 482 3482 tun
496 3427 614 3484 ambitus
627 3437 745 3496 etopum
758 3427 976 3498 ubiquediilusie
1027 3442 1082 3487 nen
1097 3426 1254 3497 acquisitam
1268 3439 1329 3483 esse
1351 3435 1451 3482 terram
1471 3423 1596 3489 credidit,
1616 3422 1664 3480 sed
1682 3422 1800 3481 refusam
1816 3439 1824 3480 t

178 3526 243 3576 est:
259 3533 341 3576 neone
354 3518 500 3576 indonatus
514 3519 644 3589 abscedit,
661 3529 689 3576 et
700 3520 792 3577 nullus
805 3521 976 3581 incommoda
1028 3536 1079 3579 nec
1093 3519 1195 3591 rapinis
1209 3527 1238 3574 nt
1253 3519 1539 3599 lucratirapoputarns
1553 3525 1612 3583 est;
1625 3516 1673 3574 scd
1685 3516 1825 3587 dispensa·
1938 3590 1942 3601 κ

82 3656 85 3661 ,
179 3610 384 3682 proscriptionis
398 3611 561 3681 irrpemiscit.
578 3611 769 3683 legationibus
783 3613 835 3669 tuis
851 3612 920 3671 inest
934 3612 976 3668 ri·
1031 3612 1152 3671 tionibus
1161 3612 1277 3669 serravit
1288 3621 1316 3667 ut
1330 3611 1449 3682 propriu.
1464 3609 1566 3679 Quibus
1580 3609 1618 3666 ibi
1627 3608 1824 3681 ordinationem
1928 3671 1934 3681 ‚

178 3719 229 3776 gor
241 3705 419 3771 immertalis;
434 3705 620 3763 mandaterum
632 3705 756 3763 ordinem
766 3705 878 3777 digeris,
891 3704 977 3778 prius·
1027 3706 1240 3776 moderantibus,
1257 3705 1329 3776 'per
1346 3703 1481 3762 tondeant.
1494 3701 1637 3759 liundenis
1658 3700 1824 3759 attrectatio·

174 3814 257 3871 qoam
280 3800 386 3870 lepatm
404 3800 542 3870 aspicias:
558 3808 608 3857 nec
623 3800 844 3870 replicationibus
860 3800 914 3855 mis
932 3814 976 3857 re-
1027 3813 1089 3856 nem
1102 3797 1205 3855 Grecia
1219 3806 1261 3856 est
1272 3795 1576 3869 prelessadiscordiam,
1588 3809 1678 3852 sectum
1695 3794 1823 3867 liutgerus

172 3893 478 3964 periunturcontraria;
490 3909 540 3953 nee
549 3894 748 3965 objectionibus
759 3893 849 3954 lacilis
858 3893 976 3951 occurrit
1026 3905 1091 3947 suos
1109 3890 1136 3946 in
1152 3889 1233 3945 tutela
1249 3886 1408 3945 deducendo
1416 3905 1427 3956 ,·
1440 3888 1537 3958 quibus
1551 3886 1622 3943 inter
1635 3888 1745 3943 Martios
1758 3902 1825 3944 con·
1944 3924 1947 3931 .

174 3985 320 4043 meletio.
336 3985 457 4043 Excubat
469 4002 517 4056 pre
530 3988 613 4044 armis
626 3987 717 4058 opinio
729 3985 905 4057 principalia:
921 3985 976 4043 oda
1027 3981 1115 4039 dietus
1134 3980 1238 4038 castelli
1255 3981 1313 4053 uice
1331 3994 1378 4036 usa
1395 3980 1542 4036 minitatur.
1559 3979 1635 4037 Tunc
1647 3980 1746 4037 blundo
1763 3995 1824 4037 ere·

172 4087 272 4136 nestra
296 4079 386 4150 marui
401 4080 473 4150 reris
493 4080 646 4137 sollicitudo
666 4080 784 4151 custodit
798 4092 871 4137 :nec
883 4088 975 4138 tamen
1025 4077 1094 4141 dens
1114 4077 1150 4136 ad
1172 4076 1327 4149 presidium
1348 4076 1485 4144 suihcere,
1500 4076 1522 4132 si
1537 4075 1664 4133 cobortes
1685 4086 1738 4132 tue
1759 4074 1825 4146 quid

212 4238 221 4269 ¹
239 4234 300 4290 Tibi
320 4250 373 4304 pec
392 4234 516 4290 diuturne
534 4233 704 4359 Burgundio]
728 4190 824 4290 Pacem
850 4234 976 4307 intelligit
1026 4237 1169 4302 occrrltam,
1185 4243 1215 4292 ut
1230 4234 1351 4290 iinnodio
1365 4234 1464 4305 placet,
1478 4248 1539 4289 oum
1554 4232 1615 4287 aliis
1627 4230 1747 4303 Gepidis,
1762 4230 1824 4300 uui·

170 4322 238 4365 eum
270 4304 489 4375 burgundionum
513 4320 575 4375 rege
614 4304 755 4361 nndobedo
780 4306 871 4372 ictam,
895 4315 976 4375 atoue
1028 4311 1078 4365 hus
1093 4306 1278 4364 Gundurithus
1298 4318 1423 4373 preerat,
1444 4303 1682 4372 conspirationem,
1703 4317 1750 4370 per
1766 4301 1824 4356 Pit·

169 4379 241 4436 0str
277 4376 351 4431 othae
362 4375 522 4431 Theoderici
533 4376 597 4431 illim
610 4390 671 4430 cnm
683 4376 855 4446 sigismundo
867 4376 976 4432 Gunde·
1026 4380 1096 4434 siam
1125 4378 1251 4432 comitem
1278 4374 1398 4439 devicit,
1424 4384 1452 4429 et
1475 4372 1604 4428 Sirmium
1633 4372 1715 4428 italie
1741 4385 1825 4441 regno

169 4448 240 4506 badi
276 4447 312 4501 lin
326 4445 425 4516 nuptiis
440 4447 601 4515 copulatam,
616 4447 649 4503 de
661 4462 713 4515 uua
723 4450 772 4503 re's
786 4448 844 4516 ipse
855 4444 977 4519 burgun-
1027 4447 1155 4513 restituit,
1171 4444 1292 4515 Cethego
1306 4445 1428 4510 consule,
1441 4453 1470 4496 ut
1482 4442 1636 4496 Cassiodori
1650 4450 1725 4496 notat
1736 4440 1824 4522 Chro-

169 4519 221 4577 dio
234 4518 272 4574 ad
285 4516 463 4586 Epiphanium
484 4517 641 4587 episcopum
655 4517 813 4573 Theoderici
837 4515 953 4588 legatum
968 4537 973 4573 :
1028 4520 1129 4584 nisum,
1144 4531 1215 4571 onitu
1229 4514 1328 4571 Christi
1343 4512 1407 4569 but.
1427 4512 1577 4570 Jornandus
1594 4511 1626 4566 de
1646 4510 1737 4592 liebus
1751 4507 1826 4564 Getr-

170 4590 311 4647 Concedet
322 4599 405 4642 tenten
416 4587 555 4643 diuinitatis
567 4603 697 4656 essentne,
713 4595 739 4640 stt
754 4587 893 4642 solidatum
910 4590 977 4644 inter
1030 4593 1086 4647 cis:
1100 4591 1185 4645 Suum
1194 4588 1310 4641 censilem
1319 4587 1385 4640 inter
1395 4585 1491 4655 pmmes
1500 4584 1606 4636 electum
1617 4581 1651 4634 ed
1662 4580 1826 4635 ehtmerrdent

169 4679 224 4718 nes
242 4661 327 4731 fndus
342 4659 418 4729 leupo
429 4668 503 4713 cetere
516 4669 638 4714 emetur.
1033 4661 1200 4719 sirmiensem
1218 4660 1311 4713 dirroit
1330 4657 1467 4732 ciuitatem
1484 4654 1568 4720 Quum
1585 4653 1630 4708 itte
1646 4651 1753 4719 repulse
1766 4666 1827 4734 repe

211 4731 317 4785 ¹bimt
339 4728 504 4813 Fridericusl
515 4728 623 4785 Ftebanl
644 4728 685 4785 itu
703 4743 781 4786 erum
804 4732 874 4799 regis
893 4731 975 4790 etius.
987 4702 1016 4767 n
1029 4739 1085 4808 ejus
1100 4731 1234 4787 Treuerico
1248 4730 1304 4799 filio
1318 4726 1340 4782 Τ
1342 4726 1450 4811 restite,
1465 4734 1565 4781 retente
1584 4725 1639 4805 ejus
1657 4731 1739 4776 mone
1758 4723 1825 4804 obtr-

170 4803 200 4860 is
214 4817 268 4872 pro
281 4799 451 4856 Theoderico
466 4815 579 4867 pirrmum
595 4800 647 4856 hoe
660 4743 731 4857 belle
744 4801 871 4857 militarat
885 4821 892 4857 :
904 4813 977 4873 pest·
1029 4808 1095 4860 nuit.
1110 4803 1149 4858 ile
1160 4802 1210 4856 hac
1221 4803 1277 4870 ipsa
1288 4797 1459 4923 ⁶¹8ed¹l¹⁰f¹⁰
1469 4806 1496 4853 et
1509 4802 1641 4877 sequenti,
1654 4791 1825 4849 btbaiarteus

170 4890 205 4931 ea
222 4871 306 4928 iidem
321 4866 411 4941 tregit,
433 4881 461 4927 ct
484 4871 605 4927 hostibus
628 4872 745 4927 sociatus
764 4881 814 4927 est.
830 4872 897 4927 Tum
917 4883 976 4930 orta
1029 4878 1078 4931 lib.
1098 4889 1144 4929 ιιιι
1167 4870 1311 4939 iariur.,l
1336 4906 1343 4921 .
1366 4868 1457 4923 Pistre
1476 4879 1542 4920 aero
1562 4866 1669 4919 comnis
1682 4863 1827 4919 celebratas

170 4946 252 5001 inter
264 4943 357 4997 hostes
369 4946 441 5011 ipses
450 4942 596 5008 discordia,
605 4942 811 5011 collatissignis‚
825 4942 978 5000 inidoneus
1028 4945 1164 5017 opinionis
1177 4943 1228 4996 riri
1243 4938 1364 4996 meminit
1375 4937 1558 4992 Theodericus
1571 4935 1617 5019 lib.
1629 4950 1656 5001 r,
1667 4935 1746 5010 epist.
1759 4934 1806 4989 29.
1822 4964 1826 4973 ·

170 5018 266 5075 rictus
282 5021 334 5069 est.
350 5011 388 5067 lta
400 5015 446 5083 qul
461 5013 629 5070 Tirenderice
650 5013 814 5082 triumphum
829 5014 863 5070 dc
880 5013 978 5071 adter-
1065 5019 1075 5049 ⁸
1096 5015 1148 5069 Per
1167 5013 1284 5085 [edormi
1310 5008 1451 5064 iinndenie
1473 5006 1685 5078 ottrectotroneml
1702 5006 1757 5062 lieo
1771 5014 1825 5075 est,

172 5088 257 5142 uariis
268 5084 326 5139 suis
338 5094 400 5165 ante
415 5095 565 5153 pepererat,
580 5084 614 5140 de
628 5100 657 5141 se
670 5086 728 5155 ipso
742 5084 836 5141 iisdem
851 5086 976 5156 prebuit,
1030 5086 1191 5171 blundenem
1206 5095 1341 5166 aggressa,
1357 5080 1402 5148 qui
1419 5077 1521 5163 loedere
1535 5078 1644 5148 innotus
1661 5089 1720 5133 erat
1734 5075 1824 5130 Then-

172 5155 745 5311 qufniffsstmlinffsuirpirzessw]egesiederus
756 5224 871 5281 Patricio
884 5226 944 5282 etii
963 5254 977 5267 ·
1030 5161 1133 5286 ‘goffia
1148 5144 1827 5294 miili?niliemglrr'quloffit'i'gfiea:gtffiffligmuge

173 5299 253 5369 perio
271 5311 345 5352 coss.
364 5292 399 5350 de
420 5243 766 5380 4b00d0r1m28ntcnj2n
783 5297 854 5366 {elici
869 5242 977 5368 imperio
1030 5309 1136 5370 nnpata,
1152 5297 1223 5352 illinc
1232 5295 1329 5377 agresti
1342 5292 1396 5348 ritu
1405 5294 1615 5374 circumquaque
1627 5289 1731 5359 praedas
1743 5298 1828 5369 arens

175 5371 301 5440 pinrimoe
319 5375 473 5421 renouentur
496 5368 580 5435 urbes,
596 5369 768 5422 munitisstme
790 5366 898 5423 certetis
916 5384 978 5423 cerr·
1031 5369 1209 5441 impetitabat,
1221 5380 1283 5421 cum
1297 5365 1372 5419 illum
1386 5377 1542 5435 oppugnare
1553 5360 1687 5443 adpetistis
1698 5357 1749 5412 sibi
1765 5354 1827 5409 ilui-

176 5442 289 5506 dsnrtrrr,
300 5449 457 5510 cerrsnrpunt
468 5439 620 5494 udntirondu
633 5440 743 5510 poietin,
758 5440 907 5510 monuitque
921 5444 977 5511 ejus
1030 5443 1139 5513 guribus
1151 5450 1294 5508 aggressus
1307 5445 1379 5492 esset
1391 5434 1563 5497 Sabinianus,
1576 5430 1688 5486 militum
1705 5440 1753 5497 per
1764 5424 1827 5495 llly-

177 5527 229 5583 epc
244 5513 301 5564 ibas
315 5510 420 5577 entique
433 5509 559 5564 miraculo
573 5519 736 5581 superentur.
755 5510 825 5564 tuem
842 5512 912 5565 inter
924 5524 978 5565 ese·
1031 5514 1116 5568 ricum
1139 5509 1264 5577 magister
1278 5505 1415 5562 Anastasii
1435 5505 1503 5575 Aug.
1522 5502 1577 5584 lam
1590 5514 1660 5583 pene
1672 5497 1824 5579 desperato,

178 5594 255 5638 teras
277 5582 338 5649 ejus
356 5578 473 5637 labricas
490 5581 603 5637 iormsm
623 5582 714 5636 laudat
735 5580 917 5637 Ravennatem
937 5584 979 5637 in·
1031 5598 1064 5638 ac
1076 5579 1240 5637 deditionem
1254 5578 1393 5633 meditanti
1404 5590 1483 5645 opem
1498 5573 1558 5629 tuht
1572 5567 1827 5649 urumssumnm·

178 5659 343 5709 mimum·
1032 5666 1086 5724 quie
1098 5650 1184 5719 copiis
1196 5647 1296 5718 inpeoti
1306 5658 1396 5715 strape
1409 5645 1443 5700 ad
1459 5644 1578 5724 llarpum
1593 5639 1699 5706 deletus,
1714 5636 1828 5721 Mutudu-

221 5720 436 5780 ⁸Sirnimsium
457 5721 556 5795 muitum
581 5722 708 5781 Sirmium
732 5734 812 5796 caput
834 5723 980 5779 Pannoniae
1033 5739 1093 5780 nem
1114 5720 1221 5789 eripuit,
1235 5735 1267 5775 ac
1287 5716 1454 5775 Theoderico
1474 5728 1528 5783 rem
1549 5711 1681 5766 volentum
1701 5708 1825 5792 subiecit.

179 5794 333 5857 interieris,
349 5810 408 5863 unm
423 5795 535 5864 proinde
554 5794 712 5851 sirmiensis
733 5794 869 5851 l’anrmnia
883 5795 983 5850 dicitur
1033 5794 1179 5854 Sabiniano
1190 5792 1289 5863 ipsese
1300 5787 1444 5844 Theodoro
1455 5798 1528 5839 cess.
1543 5797 1615 5836 anno
1629 5778 1827 5864 hebetiorum

182 5865 235 5922 lib.
251 5881 279 5920 ιιι
295 5865 411 5932 leriam,
424 5866 469 5923 ib.
486 5864 515 5922 ln
531 5880 563 5921 ea
577 5866 706 5936 regnabat
718 5868 772 5921 hoc
787 5877 906 5937 tempore
919 5864 982 5920 Tra·
1033 5875 1144 5921 narrant
1164 5861 1335 5922 liarcellinus
1354 5869 1457 5925 comes,
1472 5863 1500 5912 et
1510 5852 1670 5942 ¹iernandes
1690 5868 1717 5908 ιιι
1737 5850 1826 5920 liebus

182 5939 291 5994 saricm
308 5950 355 5993 res
374 5935 547 6008 Gepidarum.
570 5938 655 6025 Quem
670 5937 850 5996 Tlueoderious
872 5945 981 6010 propter
1034 5936 1143 5997 Geticis.
