4188 6266
146 330 204 422 noa

736 351 924 410 huuhuttm
947 346 1205 406 corhuhrahta.

145 478 255 532 ciarrarn
268 491 345 532 suam
356 477 438 531 liliam
454 491 564 533 osorem
579 474 665 530 dedir.
682 473 722 527 hd
735 473 807 529 hunc
819 471 940 542 Symma·
954 471 980 531 Α
992 466 1019 519 ιιι
1034 466 1152 522 secundo
1165 462 1355 532 Georgicorum
1370 476 1376 512 :

145 566 230 621 chum
254 566 436 635 compluscula
458 566 602 620 etiamnum
625 558 830 617 castantBoetii
855 559 940 613 nostri

146 656 260 743 scripta.
271 652 418 710 Tollendus
426 663 468 709 εει
480 663 568 708 ιιιιιειιι
583 652 725 707 multorum
734 648 845 719 insignis
854 662 939 712 error,

147 748 316 819 opinantium
333 745 412 817 hujus
426 742 580 815 Symmachi
591 756 652 797 esse
669 740 808 810 epistolas,
822 748 939 808 quaeer-

148 849 225 898 sraur
245 842 340 896 hreres
360 837 467 908 quidem
483 847 511 892 et
524 836 670 905 elegantes,
686 833 733 888 sori
747 831 781 885 ah
795 831 877 898 impio
893 830 944 885 ho·

150 933 226 989 mins
238 941 265 987 et
274 930 485 986 Christianorum
493 928 603 982 inimico
612 928 782 991 conscriptae.
794 920 856 977 Fuit
868 918 940 976 eniiu

150 1023 224 1077 alter
235 1021 412 1091 Symmachus
425 1027 527 1083 oratur,
541 1025 570 1072 et
581 1014 658 1071 urhis
672 1014 765 1068 horna
778 1010 938 1079 praeleems,

150 1112 230 1181 cuius
243 1110 296 1165 ille
315 1117 376 1164 sunt
389 1106 512 1177 epistotae
533 1113 564 1160 ει
576 1102 664 1159 orario
677 1102 710 1157 ad
725 1100 940 1156 Valentinianum

151 1201 355 1268 imperatorem,
375 1211 427 1266 qua
445 1194 608 1267 persuadere
619 1202 732 1249 conatus
747 1191 796 1245 luit
807 1178 882 1245 aram
894 1190 941 1245 Vi·

149 1290 245 1346 etoriaa
258 1287 468 1353 restituendam,
483 1287 525 1342 cul
538 1284 700 1341 Prudentius
722 1295 800 1352 poeta
814 1283 941 1337 Cirristia·

150 1392 220 1444 nus,
238 1385 267 1432 ει
278 1377 355 1431 dirus
369 1376 540 1443 ambrosios,
560 1372 606 1429 hic
627 1373 759 1437 oratione,
779 1371 884 1427 duohus
898 1370 942 1425 ille

152 1466 267 1538 poeticis
281 1466 355 1520 libris
365 1464 571 1532 responderunt.
583 1462 670 1518 Boetii
683 1471 774 1516 autem
788 1474 866 1516 socer
876 1458 942 1514 mui-

152 1558 189 1613 tls
206 1557 283 1611 annia
299 1562 370 1625 post,
391 1554 443 1608 hoc
455 1564 495 1608 est
522 1564 642 1624 ternpore
656 1550 754 1607 lustini
769 1549 878 1619 majoris
893 1548 943 1604 hu·

143 1646 218 1710 uuir,
233 1647 275 1700 nir
294 1643 549 1721 christianissimus,
564 1653 591 1697 et
603 1642 657 1697 dlvi
672 1638 793 1710 Gregorii
809 1637 942 1707 pontillum

152 1737 308 1794 tessimonio
319 1744 439 1791 ειιιειιιε.
449 1735 575 1805 Quisquis
583 1734 662 1804 igitur
674 1741 747 1789 recte
754 1731 855 1786 sentire
862 1743 944 1804 super

152 1830 206 1884 hoc
219 1828 286 1895 ruit,
300 1842 405 1883 mecum
420 1827 517 1881 sentiat
530 1835 646 1896 oportet.
930 1806 933 1811 ¹

190 1916 277 1988 Quor]
292 1916 379 1972 Decus
394 1915 503 1970 humaui
518 1915 625 1984 generis
639 1913 870 1983 pretiosissimum.

191 2007 252 2063 Nou
262 2004 356 2079 regnis]
372 2005 486 2075 impiger
500 2014 529 2059 et
541 2002 752 2059 festinabundus.

191 2097 233 2154 lla
250 2097 382 2164 sapientire
396 2095 530 2157 virtutihus
540 2089 635 2168 factm]
649 2089 887 2147 lluiceontrarium
903 2098 944 2144 est

155 2189 220 2244 illud
234 2186 372 2242 Ciceronis
387 2187 414 2240 iu
428 2186 550 2239 oratione
562 2196 608 2252 pro
620 2170 759 2238 Cluentio:
768 2180 808 2235 ‘Et
817 2180 863 2249 qui
873 2188 945 2235 esset

153 2286 230 2336 sotus
244 2294 278 2334 er
290 2276 384 2334 hande
396 2285 424 2331 ει
438 2274 578 2331 mendacio
592 2272 686 2328 hctus.

195 2368 318 2440 Sarrum]
329 2368 502 2438 iniuriarum.

190 2459 315 2532 Securus]
329 2460 428 2514 nullam
443 2458 544 2513 liabens
559 2472 661 2513 curam.

193 2556 276 2628 Uror]
291 2556 445 2610 Rusticiana
460 2553 612 2626 Symmachi
625 2553 688 2608 lilia.

194 2645 329 2700 rmrurroe
342 2646 439 2713 pudore
452 2640 613 2714 precellens]
636 2641 814 2713 Hieronymus
828 2641 854 2695 in
866 2639 945 2695 ‘loui-

158 2739 283 2803 uianum:
299 2735 451 2792 doctissimi
462 2736 512 2789 riri
523 2749 576 2789 vox
586 2744 638 2803 est,
649 2732 805 2804 pudicitiam
817 2733 947 2801 imprimis

158 2843 221 2886 esse
234 2828 403 2883 retinendam
419 2842 427 2893 ;
444 2841 495 2896 qua
510 2827 619 2891 amissa,
632 2825 720 2880 omnis
734 2825 821 2880 uirtus
840 2826 903 2878 ruit.
919 2825 946 2876 ln

159 2921 210 2976 hac
223 2918 392 2991 muliebrium
409 2918 536 2973 uirtutum
550 2915 779 2986 principatus'esr.
800 2915 863 2969 llaec
883 2929 948 2984 pau-

159 3015 253 3081 perem
268 3008 447 3074 corumendat,
462 3007 572 3061 divitem
587 3006 700 3084 extollit,
712 3004 860 3060 deformem
875 3005 948 3060 redi·

161 3105 221 3167 mit,
237 3110 349 3159 exornat
364 3102 512 3170 pulchram.
526 3100 598 3154 Beue
613 3109 730 3154 meretur
743 3097 776 3151 de
790 3095 948 3165 majoribus,

159 3208 273 3265 quorum
301 3191 456 3263 sanguinem
479 3190 577 3244 lurtiva
603 3187 696 3243 sobole
713 3200 764 3241 uon
780 3186 869 3251 ιιιιεις
883 3183 987 3245 henoc

160 3286 196 3342 de
210 3283 314 3348 liberis,
328 3284 425 3354 qrrihus
438 3296 487 3338 nec
500 3283 534 3336 de
554 3288 639 3335 marre
654 3275 866 3333 erubescendum
878 3317 886 3341 ,
900 3291 950 3330 nec
1008 3335 1015 3353 .

161 3376 198 3433 de
211 3384 286 3447 patre
299 3372 473 3430 dubitandum
482 3381 541 3436 est3
552 3370 621 3426 hene
631 3368 763 3437 imprimis
773 3367 807 3423 dc
820 3381 860 3433 se,
871 3381 950 3437 quam

162 3480 180 3522 a
192 3465 355 3523 contumelia
368 3461 473 3519 externi
489 3460 616 3530 corporis
626 3457 756 3513 uindicat.
874 3454 879 3463 “

201 3556 260 3627 Veli
277 3555 373 3611 Etiam.
686 3602 689 3607 .

198 3646 250 3702 Tri
265 3643 402 3716 desiderio]
416 3642 456 3701 llo
468 3643 538 3715 quod
554 3652 581 3699 te
593 3639 740 3698 desiderat.
758 3633 952 3692 Desiderantur

163 3737 237 3795 enim
249 3748 282 3794 ea
294 3750 354 3807 quae
368 3736 475 3795 absunt.

202 3825 283 3898 Quid]
298 3826 410 3896 Propter
424 3824 488 3893 quid
502 3823 545 3879 rel
556 3822 588 3878 ad
602 3821 677 3892 quid.

188 3916 317 3988 lituos]
332 3916 415 3972 rurus
428 3923 501 3971 tuos.

202 4004 366 4078 Goaaalrrer]
372 4006 423 4073 Qui
436 4004 561 4062 consules
572 4002 613 4075 (ut
626 3999 818 4072 supradictum
833 3996 885 4068 ear)
897 3995 955 4052 lue·

167 4108 240 4156 ritui.
574 4144 579 4153 .

204 4187 329 4260 Quorum]
342 4188 469 4243 Filiorum
485 4199 601 4242 tuorum.

204 4276 348 4350 specimen]
363 4275 473 4346 Proprie
486 4286 527 4331 est
541 4275 567 4329 id
579 4273 649 4341 quod
663 4272 739 4328 dere
759 4268 849 4324 uenali
865 4276 956 4322 ossen·

167 4371 240 4427 ditur
249 4364 361 4437 emptori
373 4365 469 4421 utinde
480 4366 684 4434 possitearteras
693 4377 797 4418 merces
807 4360 955 4414 aestimare:

168 4471 200 4518 ut
220 4459 357 4531 particula
371 4458 470 4528 pauni,
483 4465 529 4511 aut
555 4468 647 4525 parurn
671 4453 814 4515 humenti,
838 4451 880 4505 rel
902 4447 956 4501 uiui

169 4564 274 4625 gustus.
569 4550 571 4554 “

205 4643 308 4717 ingenii
321 4639 431 4714 poterut]
446 4637 574 4695 Bociiatti.

206 4732 283 4805 auiti]
294 4730 502 4804 symmachiani.

209 4824 255 4897 litt
268 4825 302 4880 tlt
317 4833 388 4894 pote.

208 4914 242 4970 la
255 4915 340 4985 pueris
351 4915 379 4968 id
394 4910 487 4984 erotis]
501 4911 584 4966 idest
598 4924 657 4965 eam
671 4914 776 4961 ιειιιειι.
797 4902 957 4973 agentibus,

174 5009 285 5080 dgurara
308 5005 408 5061 locutio
431 5014 482 5059 est.
499 5002 527 5058 ld
543 5001 629 5057 utaris
641 5000 729 5063 enim,
743 4997 814 5052 sicut
827 4994 853 5049 id
876 5002 959 5064 genus

173 5097 282 5153 cuilihet
292 5095 365 5150 casui
374 5094 486 5165 ligurate
496 5092 648 5161 apponitur,
660 5098 688 5143 ει
696 5087 830 5158 signideat
841 5099 888 5155 per
900 5099 960 5139 eam

174 5195 291 5253 murem,
304 5200 352 5241 seu
367 5184 425 5253 ejus
438 5184 534 5238 statis.
549 5181 657 5237 Plautus
672 5180 699 5234 in
712 5178 852 5234 Asinaria:

236 5276 324 5341 Neque
336 5275 421 5340 puduit
432 5287 488 5325 eum
499 5273 522 5323 ld
533 5274 612 5322 utatis
622 5270 791 5334 sycophantias
799 5277 907 5319 struere.

176 5369 962 5445 hirtuszouemcumpcrcoorarorurscipta,quis,ctoujas,

176 5480 203 5525 cr
217 5486 266 5526 cur
280 5470 305 5525 id
316 5468 403 5525 aetatis
418 5470 446 5523 iu
468 5466 563 5521 castris
579 5464 684 5530 luissur,
701 5462 841 5516 Numidam
854 5477 885 5516 sc
902 5475 963 5515 esse

177 5562 224 5626 ait,
237 5560 362 5616 llassium
378 5559 519 5631 populares
530 5570 639 5612 uocare.

214 5652 274 5708 Ora
286 5653 309 5706 si
323 5663 366 5706 rao
376 5653 442 5706 loun
464 5660 602 5720 cognoscor
616 5645 731 5718 felicem]
744 5647 777 5713 0,
795 5658 865 5700 nunc
884 5644 966 5698 inter-

178 5741 259 5812 ieetio
273 5751 315 5798 εει
327 5740 487 5802 admirantis
501 5751 547 5806 ,ει
561 5749 602 5797 εει
616 5738 729 5794 imitatio
741 5736 811 5791 illius
827 5733 963 5802 virgiliani

1070 556 1235 607 Olortunatos
1251 554 1360 611 nimium,
1374 567 1416 601 ιιιι
1429 557 1451 603 ει
1463 554 1526 602 hona
1538 553 1627 612 troriol,

1071 617 1199 681 Agricola.

1029 698 1093 766 Qua
1105 701 1157 753 uiro
1180 712 1252 751 neum
1271 696 1371 750 dubitor
1390 710 1444 750 ease
1464 692 1585 775 corioro]
1597 695 1781 765 Symmachus

992 800 1081 853 socer,
1098 801 1177 853 uxor,
1192 792 1220 838 et
1233 783 1320 838 lihesi.

1027 877 1068 931 dd
1081 891 1161 931 unum
1176 873 1269 945 omnir]
1283 873 1393 937 Omnes,
1407 873 1514 928 nemine
1531 884 1654 945 ercepro.
1668 873 1780 930 Liuius:

992 965 1092 1022 Consul
1107 965 1244 1020 humanus
1254 965 1281 1018 ιιι
1293 962 1571 1034 Algiduconsecutus‚
1586 963 1620 1020 ad
1633 979 1714 1021 ortum
1724 978 1782 1025 una-

993 1072 1042 1114 ues
1052 1056 1161 1112 occidit.

1029 1142 1155 1216 Nimiam]
1168 1143 1242 1200 Ultra
1255 1141 1373 1198 modout.
1456 1198 1461 1207 ,

991 1280 1001 1289 .
1033 1233 1143 1307 Volidol
1160 1236 1321 1303 imperuosa.

1031 1323 1155 1396 Quaado]
1170 1322 1401 1394 Quandoquidem.

1029 1416 1143 1471 lenam
1156 1411 1269 1485 amorre]
1282 1413 1396 1468 Pulchre
1412 1421 1552 1482 permanet
1563 1415 1761 1484 irrmetapooru
1771 1441 1787 1478 ,-

993 1504 1209 1575 auauigansrhus
1227 1512 1255 1558 ει
1278 1506 1436 1572 tempestate
1461 1502 1643 1559 lahoraurihus
1665 1513 1780 1572 surupta.

994 1598 1120 1653 huchora
1140 1595 1234 1651 Graece
1246 1594 1345 1649 dicitur
1359 1590 1468 1671 ἄγκυρα.
1486 1594 1704 1665 Vetus-adagium
1723 1604 1780 1649 est:

994 1687 1122 1742 hrachorn
1133 1687 1228 1742 domus
1244 1701 1292 1754 pro
1308 1684 1415 1740 familiae
1438 1683 1551 1754 refugio.
1564 1684 1696 1754 Quidquid
1711 1685 1782 1740 coint

995 1778 1057 1831 illud
1070 1787 1111 1830 εει
1129 1777 1172 1829 cui
1185 1774 1334 1843 innitimur,
1345 1775 1474 1843 cujusque
1485 1774 1609 1828 luicimur
1618 1772 1724 1836 fiducia,
1736 1786 1783 1827 au·
1824 1760 1840 1771 ’

994 1869 1077 1923 chrrra
1093 1877 1204 1921 uocatur
1220 1883 1226 1919 :
1246 1875 1352 1933 sumpta
1371 1863 1510 1920 anavibus
1522 1866 1710 1930 translatione,
1725 1877 1784 1934 quur

993 1973 1054 2013 cum
1079 1957 1205 2011 anchoris
1230 1943 1390 2019 lultaa‘sunt,
1405 1955 1487 2010 veluti
1500 1955 1644 2008 derensaa
1659 1946 1785 2008 ductibus

994 2051 1143 2119 quiescunt.
1156 2047 1297 2115 Euripides
1320 2047 1348 2100 in
1360 2045 1468 2100 iiccuha
1481 2044 1514 2099 de
1524 2044 1677 2115 Polydoro:

1072 2140 1118 2199 Qui
1127 2138 1176 2201 jam
1187 2140 1253 2188 solus
1263 2139 1365 2200 generis
1381 2141 1496 2198 superest
1507 2137 1611 2185 anchora
1622 2137 1703 2185 nostri

1027 2222 1176 2294 litoraque]
1190 2224 1356 2291 eropunque
1373 2218 1464 2273 modo.

988 2306 996 2319 '
1032 2312 1212 2386 llarmiimus]
1229 2312 1380 2368 Easdemne
1392 2304 1488 2366 mortis
1509 2308 1664 2377 periculum.
1683 2308 1786 2364 Perstat

996 2410 1022 2465 in
1037 2406 1222 2462 translatione.
1727 2408 1730 2419 ’

1034 2491 1224 2565 Prourouimur]
1237 2491 1410 2548 Profeclmos.

1035 2585 1125 2657 Ferre]
1140 2587 1207 2642 Pati.

1034 2682 1098 2744 Quis
1112 2690 1148 2734 err
1162 2676 1248 2749 euim]
1262 2662 1399 2732 Sententia
1418 2681 1460 2728 εει
1483 2672 1639 2737 uerissima,
1653 2672 1788 2742 eleganter

991 2785 1045 2842 ‚per
1061 2768 1300 2836 interrogationem
1318 2764 1430 2834 prolata.
1449 2761 1502 2816 Cui
1514 2761 1715 2839 concordaqilla
1729 2774 1789 2830 quae

997 2868 1040 2914 est
1054 2857 1123 2928 apud
1138 2857 1334 2925 Hermogenem
1354 2852 1510 2907 rhetorem:
1526 2848 1584 2905 Non
1603 2859 1691 2918 potest
1716 2850 1790 2902 inue-

1000 2951 1052 3006 niri
1069 2949 1121 3004 rita
1137 2947 1253 3002 hominis
1268 2959 1362 3000 carens
1377 2941 1508 2996 moiesria.
1525 2940 1643 2994 Senc‘ca:
1659 2938 1733 2992 Nulla
1747 2946 1791 2992 est

1003 3054 1055 3117 tarn
1067 3043 1136 3097 horta
1152 3041 1258 3097 iorluna
1272 3038 1306 3093 de
1329 3049 1382 3105 qua
1398 3033 1462 3089 uilrii
1476 3031 1554 3101 queri
1569 3029 1665 3099 possis.
1679 3029 1751 3083 idem
1764 3029 1790 3080 ιιι

1003 3138 1049 3193 lih.
1065 3135 1101 3190 de
1114 3133 1153 3188 ira
1170 3147 1215 3187 m:
1230 3129 1300 3184 Nulli
1316 3127 1422 3180 lortuua
1435 3132 1488 3178 tam
1498 3122 1588 3177 dedita
1598 3130 1651 3188 εει,
1667 3129 1696 3174 ut
1710 3120 1792 3172 mu'ta

1004 3226 1116 3282 tentanti
1130 3223 1228 3291 uhique
1242 3216 1414 3286 respondeat.
1432 3213 1539 3280 linoae:

1233 3305 1299 3357 Nihil
1309 3314 1350 3354 est
1360 3303 1390 3352 ab
1399 3306 1464 3352 omui

1134 3416 1139 3423 .
1173 3371 1248 3431 Parte
1260 3373 1367 3418 treatum.

1005 3458 1132 3512 Erasrnus
1143 3469 1158 3508 e
1168 3453 1278 3508 Grareo:

1098 3549 1167 3598 Folia
1180 3558 1225 3610 per
1235 3544 1315 3594 omrria
1325 3539 1408 3614 nullus
1417 3543 1456 3589 εει
1468 3535 1616 3585 mortalium.

1006 3632 1134 3692 Earttdem
1149 3618 1311 3687 smrenitam
1326 3626 1399 3682 idem
1411 3633 1439 3681 et
1448 3622 1491 3677 sic
1503 3621 1618 3678 ertulir:

1096 3723 1167 3773 llaud
1179 3721 1238 3771 sitit
1248 3718 1313 3770 ullus
1323 3717 1437 3766 οιιιιιιιιιιε
1447 3711 1507 3762 iolla
1520 3710 1607 3763 modis.

850 3820 854 3827 ·
916 3786 920 3793 ’
1006 3808 1167 3880 Euripides:

1096 3917 1124 3967 Si
1138 3916 1236 3979 quidem
1249 3912 1370 3963 uniuersis
1381 3909 1456 3959 rebus
1464 3908 1490 3955 in
1501 3903 1650 3964 mortalium,

1096 3976 1136 4028 Nil
1145 3978 1301 4027 condirentur
1313 3980 1340 4021 et
1352 3972 1509 4032 undiquaque
1525 3974 1669 4027 prosporum
1681 3969 1725 4013 εει

1009 4084 1110 4140 Plinius
1122 4081 1170 4136 lih.
1192 4095 1227 4135 ιιι
1241 4096 1248 4131 :
1265 4075 1418 4132 ilortalium
1429 4086 1511 4128 nemo
1528 4078 1570 4125 est
1593 4067 1670 4124 ielis.
1684 4055 1756 4122 idem
1771 4065 1797 4125 in

1008 4176 1102 4231 eodem
1118 4172 1207 4227 lihro:
1223 4172 1307 4224 Nemo
1324 4164 1479 4222 mortalium
1493 4162 1618 4219 omnihus
1634 4160 1707 4214 Ιιιιιιε
1718 4159 1797 4227 sapit.

1009 4261 1145 4320 llaharhal
1156 4259 1191 4314 ad
1217 4258 1375 4313 annibalem
1399 4254 1471 4323 apud
1494 4252 1598 4306 Livium
1616 4268 1622 4303 ,·
1638 4250 1695 4304 Non
1710 4248 1798 4304 omnia

1009 4354 1095 4409 eidem
1107 4352 1144 4406 dii
1154 4351 1264 4405 dedere.
1284 4349 1397 4402 i'iucere
1410 4348 1473 4410 scis,
1488 4343 1615 4409 Annibal,
1631 4338 1742 4394 uictoria
1758 4339 1795 4392 uti

1010 4444 1107 4500 nescis.
1117 4441 1227 4512 Ulysses
1238 4440 1307 4509 apud
1321 4440 1477 4501 homerum,
1486 4435 1633 4500 interprete
1647 4428 1799 4497 Philslphos

970 4550 999 4610 Ι)
1057 4552 1111 4600 Non
1123 4552 1163 4597 uni
1175 4549 1217 4596 dat
1227 4553 1312 4596 ειιιιειι
1323 4545 1400 4605 Deus,
1412 4543 1530 4591 lormosus
1541 4546 1570 4587 ιιι
1582 4539 1646 4586 ιιιειιι

1058 4616 1094 4663 Sit
1106 4610 1176 4659 simul
1188 4617 1214 4658 et
1223 4607 1339 4669 prudens,
1352 4617 1380 4652 ac
1391 4603 1466 4651 multa
1478 4600 1551 4651 laude
1559 4599 1675 4648 disertus.

1059 4674 1104 4732 Qui
1117 4668 1201 4732 specle
1210 4667 1296 4725 caruit,
1312 4665 1378 4712 lieris
1391 4665 1455 4711 nunc
1465 4658 1613 4711 venerahilis
1629 4664 1695 4706 ornat

1058 4734 1158 4782 l'irihus
1167 4730 1266 4791 eloquii,
1277 4739 1326 4787 quo
1337 4725 1363 4772 ht
1374 4726 1491 4773 mirentur
1501 4729 1528 4771 et
1538 4733 1613 4770 unum

1062 4795 1133 4844 llurrc
1144 4789 1195 4849 ahi,
1207 4800 1286 4838 sunus
1294 4787 1384 4845 liuguae
1396 4783 1526 4832 dulcedine
1538 4783 1611 4843 capti.

1060 4855 1107 4902 llic
1118 4859 1199 4901 autem
1211 4850 1289 4897 ridens
1299 4854 1361 4903 orat,
1373 4844 1474 4906 lenique
1487 4844 1580 4904 pudore

1062 4915 1088 4963 Ιιι
1099 4921 1177 4961 murus
1189 4909 1385 4968 ercelhtageus,
1398 4918 1470 4965 narem
1484 4905 1590 4953 numinis
1600 4903 1676 4950 instar

1059 4976 1200 5035 suspiciunt
1210 4971 1308 5033 (urbem
1320 4969 1430 5031 quisquis
1438 4967 1543 5027 patiere)
1556 4965 1706 5026 loquentem.

1060 5040 1103 5087 ast
1112 5035 1185 5084 alium
1198 5033 1280 5081 iorurae
1292 5030 1398 5085 borritas,
1409 5040 1483 5090 quem
1494 5028 1601 5074 corrritrus
1611 5032 1693 5084 aequat

1059 5098 1196 5157 Coelitihus,
1211 5093 1308 5157 penitus
1318 5090 1412 5141 deiecit
1422 5090 1499 5151 gratia
1510 5087 1601 5147 trogum

1013 5203 1181 5260 Claudianus
1196 5202 1222 5255 in
1237 5195 1400 5267 Panegyrico
1417 5193 1575 5250 Stilicnnis:

1230 5310 1328 5360 Etenim
1341 5307 1482 5357 mortalibus
1491 5320 1523 5355 ea
1536 5318 1587 5366 quo

1061 5375 1147 5425 'l'ulhrs
1157 5382 1235 5434 crupta
1248 5372 1305 5431 coli,
1320 5382 1442 5430 uunquam
1454 5368 1549 5416 sincera
1561 5369 1678 5414 honorum
1760 5388 1762 5391 ·

1062 5437 1122 5486 So‘s
1132 5435 1175 5482 ulli
1185 5445 1300 5481 concessa
1311 5434 1361 5477 uiro
1372 5441 1378 5476 :
1391 5440 1463 5490 quem
1476 5426 1556 5475 ruilus
1567 5425 1680 5475 honustat

1062 5497 1219 5545 Dedecorant
1229 5504 1328 5549 mores;
1342 5492 1436 5537 arsimus
1446 5501 1519 5550 quem
1532 5486 1654 5543 pulchrior
1665 5493 1733 5534 tarnat

1063 5557 1154 5617 surptus
1165 5554 1274 5603 destituit
1287 5568 1293 5611 ;
1307 5548 1570 5610 herimannitarum,

1063 5620 1112 5664 Sed
1125 5628 1210 5679 pacem
1222 5614 1294 5665 ioedat
1307 5614 1375 5663 uillis
1386 5624 1394 5669 ;
1406 5612 1431 5659 in
1443 5610 1538 5671 puhlica
1548 5607 1618 5670 iulia,

1064 5678 1113 5727 Seri
1125 5678 1216 5731 priuata
1229 5678 1308 5724 uulnus
1321 5690 1326 5721 ε
1340 5674 1427 5731 partito
1437 5668 1532 5731 singula
1543 5680 1669 5731 quemquo

1064 5738 1211 5797 Nohlliiapt,
1223 5737 1288 5793 huuc
1296 5734 1371 5785 iortua
1381 5733 1484 5796 dorcas,
1493 5733 1557 5782 huuc
1565 5732 1672 5780 rohoria
1681 5742 1732 5777 arn·
1742 5743 1760 5791 a,
